4780 5634
1052 473 1270 540 ..ffi-

288 679 383 763 posui,
405 685 469 744 tnua
490 677 556 742 el'u's
578 675 756 742 testimoniis
776 673 1122 756 ipsiusqnatlireiplieae
1135 671 1474 737 maenuba-nter.
1505 669 1539 734 le
1552 671 1683 754 singulis
1704 659 2039 757 castrametandum

287 792 395 858 mirum
418 790 516 856 uideri
537 797 648 870 potest,
669 787 750 868 quod
773 785 1058 865 allertl’lutnrohas,
1079 787 1242 868 Epteurtnn
1257 792 1394 846 maman
1415 784 1583 864 appellasse
1603 783 1642 846 ari
1664 778 1844 865 ἡγεμονικὸν
1859 782 2037 871 decede).

288 905 372 980 onae
394 900 543 966 οοιιιοιιιιι
564 917 632 962 curn
654 896 737 962 nullo
759 897 848 961 modo
871 913 940 960 onan
961 895 1096 960 Platoris
1114 897 1164 958 ιιι
1174 895 1348 959 srisnretts
1368 895 1477 975 pheito
1498 894 1606 958 debent
1626 894 1781 974 molendi,
1802 913 1839 958 eo
1862 905 1959 960 umen
1981 913 2040 978 po-

288 1015 360 1081 terit
381 1011 541 1094 explicari,
572 1008 652 1091 quod
675 1008 825 1089 Epicurus
844 1025 967 1088 operam
989 1005 1072 1072 teuit
1091 1008 1268 1084 rnardmrm,
1296 1015 1330 1071 ut
1351 1015 1479 1070 ιοοιιιοιιι
1504 1005 1635 1069 turbidis
1667 1007 1796 1071 mutibus
1818 1024 1909 1087 posse
1931 1025 2041 1072 vacere

289 1135 320 1192 et
341 1117 436 1190 §olam
458 1124 518 1188 sibi
538 1139 646 1202 sapere
668 1121 785 1202 sibique
808 1119 941 1202 gaudere
964 1121 1182 1200 comprobaret.
1225 1115 1301 1182 Nam
1323 1135 1382 1198 quo
1396 1106 1534 1182 ¹unanime
1593 1115 1777 1199 philosophis
1799 1115 1925 1181 dissedit
1943 1118 2042 1200 Cyre·

288 1235 446 1320 nnlcw),
477 1251 641 1313 summam,
670 1249 747 1314 quae
768 1231 880 1296 horriiui
901 1230 1068 1311 appetenda
1088 1241 1184 1311 esset,
1216 1231 1398 1310 voluptutem
1428 1231 1458 1293 in
1481 1229 1569 1292 animi
1597 1227 1759 1292 indolentia
1781 1237 1812 1293 et
1832 1228 2044 1312 tranquillitate

236 1393 243 1412 .
288 1349 417 1432 positam
438 1365 508 1411 esse
529 1343 724 1427 iudicarat).
753 1342 917 1407 Murallhus
939 1359 1014 1406 reru
1037 1343 1205 1423 praeceptis
1227 1341 1377 1422 physicam
1399 1341 1567 1406 doctrinam
1586 1339 1719 1404 adhibuit
1732 1342 1817 1421 quasi
1839 1339 2042 1406 adiumentum

290 1459 438 1544 quoddam
466 1456 671 1521 necessarium
691 1453 732 1539 ⁵).
778 1457 843 1530 Qua
863 1454 984 1550 quidem
1013 1455 1129 1518 ratione
1149 1453 1237 1518 cuda
1266 1453 1426 1516 declinavit
1448 1471 1465 1513 a
1485 1451 1671 1526 Democritm
1704 1453 1790 1515 cuius
1822 1453 1861 1514 de
1888 1453 2043 1534 principiis

290 1581 416 1636 naturae
437 1570 601 1633 sententies
623 1586 693 1631 cum
714 1567 891 1648 probasset,
913 1559 1008 1630 noluit
1031 1576 1128 1631 tamen
1151 1583 1219 1628 cum
1241 1565 1348 1628 eodem
1371 1583 1475 1628 omnes
1500 1583 1550 1628 res
1573 1573 1697 1628 naturae
1719 1565 2043 1648 perscrutariaangn-

291 1681 435 1746 stioribus
457 1680 609 1762 physicam
631 1678 766 1742 coercuit
787 1677 896 1740 linibus
918 1685 948 1740 et
970 1695 1089 1740 omnem
1104 1677 1287 1756 disciplinam
1303 1675 1408 1740 eodem
1431 1695 1537 1756 paene,
1558 1675 1638 1740 unde
1656 1675 1796 1740 socrates
1818 1685 1883 1740 erat
1904 1695 2047 1754 exorsus,

293 1789 462 1868 revocavit,
492 1797 526 1850 ut
548 1789 586 1851 de
615 1788 743 1853 hominis
766 1788 951 1869 potissimum
980 1786 1156 1850 condicione
1184 1795 1214 1852 et
1246 1797 1330 1852 recto
1362 1788 1482 1853 uiuendi
1511 1795 1588 1850 statu
1618 1787 1793 1868 inquireret.
1837 1789 1916 1852 Ante
1946 1787 2047 1850 omnia

294 1920 370 1966 uero
391 1903 542 1966 hominem
565 1900 644 1963 uitae
666 1899 892 1980 tempestatibus
916 1897 1035 1978 eripere
1058 1908 1088 1964 ct
1110 1917 1183 1962 suae
1205 1917 1352 1981 quemque
1375 1901 1508 1980 priuatae
1528 1900 1621 1963 sortis
1643 1897 1794 1962 domiuum
1817 1899 1946 1964 reddere
1967 1917 2047 1962 con-

292 2014 396 2078 stituit.
427 2014 510 2087 Quae
533 2011 760 2092 philosophandi
781 2011 858 2074 ratio
881 2009 993 2073 nemini
1014 2011 1124 2090 poterit
1144 2011 1218 2074 mira
1233 2011 1328 2075 rideri
1350 2011 1499 2091 reputanti
1521 2027 1609 2090 quam
1632 2008 1757 2074 nlllictae
1778 2009 1837 2076 illis
1859 2011 2047 2090 temporibus

295 2142 330 2187 ac
352 2122 515 2186 labefactae
537 2121 649 2186 fuerint
677 2130 708 2184 ct
735 2120 916 2184 domesticae
946 2137 996 2183 res
1025 2129 1056 2182 et
1084 2121 1232 2202 publicae.
1275 2122 1470 2204 Eandemque
1497 2121 1585 2184 animi
1611 2120 1779 2186 libertatem
1802 2131 1832 2184 et
1855 2122 2047 2184 securitatem

293 2253 346 2298 sua
368 2233 553 2315 philosophia
576 2242 782 2296 sustentarunt
796 2232 898 2296 Stoici.
922 2231 1095 2310 Quanquam
1118 2232 1196 2295 inter
1218 2243 1374 2314 utramque
1396 2233 1527 2296 scholam
1548 2232 1622 2295 haec
1645 2230 1853 2296 dissimilitudo
1874 2232 2047 2296 intercessit

291 2362 470 2427 permagna,
500 2341 581 2422 quod
613 2341 705 2404 Stoici
719 2343 837 2405 uirtutis
868 2351 897 2407 et
916 2342 1082 2404 honestatis
1101 2343 1197 2422 pretio
1219 2343 1338 2424 impulsi
1353 2343 1557 2424 magnitudine
1578 2342 1703 2424 quadam
1725 2342 1816 2404 animi
1837 2344 1880 2404 uti
1902 2350 1932 2406 et
1953 2360 2046 2426 agere

292 2453 391 2532 fortia,
412 2453 554 2534 Epicurei
571 2451 731 2530 voluptatis
746 2449 878 2512 cultores
900 2451 1055 2532 prudentia
1071 2460 1101 2513 et
1116 2451 1253 2514 cautione
1274 2452 1439 2516 adhibenda
1461 2471 1567 2516 arcere
1590 2471 1606 2515 a
1629 2470 1663 2516 se
1685 2451 1828 2516 aduersas
1850 2469 1901 2516 res
1915 2463 1946 2516 et
1967 2471 2046 2518 con-

294 2565 402 2628 trarias
425 2564 602 2626 maluerunt.
636 2561 729 2642 ldque
751 2561 859 2624 Stoicis
881 2561 912 2622 in
933 2579 986 2622 sua
1007 2563 1045 2623 de
1068 2563 1164 2624 auimo
1187 2561 1322 2626 doctrina
1344 2562 1436 2626 multo
1458 2562 1542 2624 licuit
1565 2562 1713 2624 allirmnre
1736 2559 1933 2626 confidentius
1957 2580 2045 2624 men·

294 2683 355 2737 tem
377 2673 407 2734 in
428 2673 547 2734 homine
569 2681 683 2751 partem
705 2689 773 2734 esse
794 2680 825 2733 et
847 2677 994 2752 potestate
1017 2681 1047 2734 et
1068 2672 1219 2736 dominatu
1241 2673 1533 2752 praestantissimam.
1564 2672 1637 2736 Nam
1660 2673 1816 2736 oriundum
1839 2673 1918 2734 illum
1940 2673 2048 2736 existi-

296 2792 414 2846 marunt
436 2784 530 2864 stirpe
553 2783 661 2845 diuina.
705 2781 769 2844 Nec
791 2781 870 2863 quod
893 2781 1049 2862 Epicureis
1071 2783 1168 2844 visum
1190 2794 1251 2863 est,
1284 2794 1414 2848 mentem
1437 2783 1585 2848 contineri
1619 2802 1770 2864 corpore,
1803 2785 1857 2848 sed
1878 2785 1973 2864 ipsam
1995 2802 2049 2848 sua

296 2895 326 2957 vi
350 2893 508 2976 complecti
530 2913 619 2958 omne
642 2912 752 2974 corpus
773 2903 804 2955 et
827 2903 931 2956 tenere
954 2893 1114 2955 uoluerunt
1129 2891 1174 2976 ⁶).
2005 2967 2009 2980 ι

423 3003 577 3085 Explicnta
600 3021 706 3067 caussa
728 3021 783 3065 cur
804 3001 945 3083 Epicurei
959 3003 1217 3086 Pythagoreorum
1239 3005 1317 3068 illam
1340 3005 1378 3068 de
1400 3006 1553 3069 harmonia
1576 3007 1755 3070 sententiam
1777 3007 1940 3070 reieceriut
1961 3023 2051 3068 men-

297 3115 396 3195 tisque
416 3115 617 3197 principatum
640 3115 719 3178 tueri
740 3123 895 3195 tantopere
917 3114 1102 3194 studuerint,
1124 3124 1218 3178 restat
1240 3127 1336 3180 tamen
1360 3127 1393 3180 ut
1414 3135 1605 3194 moneamus,
1628 3118 1708 3198 ipsos
1729 3134 1785 3200 pro
1808 3118 1952 3198 peculiari
1974 3117 2049 3180 doc-

295 3227 394 3289 trinae
428 3245 501 3288 suao
531 3229 649 3290 ratione
670 3244 729 3289 nou
751 3227 870 3307 penitus
898 3225 934 3288 ab
957 3225 1022 3288 istis
1044 3225 1203 3290 dissentire
1232 3229 1377 3308 potuisse.
1422 3228 1496 3290 Nam
1524 3239 1655 3292 mentem
1684 3237 1797 3292 tantum
1819 3230 1892 3293 aluit
1920 3239 1953 3291 ut
1981 3246 2051 3292 esse

295 3356 350 3418 per
372 3357 406 3402 se
428 3348 458 3403 et
489 3339 639 3402 exsistere
662 3338 882 3415 concederent,
912 3343 946 3398 ut
974 3335 1046 3398 nihil
1075 3355 1198 3400 curasse
1219 3340 1377 3402 uideantur
1400 3340 1579 3419 studiosius,
1608 3357 1695 3420 quam
1719 3351 1750 3404 ut
1773 3340 1838 3404 solo
1868 3343 1898 3403 iu
1921 3356 2051 3420 corpore

295 3458 401 3512 nostro
423 3451 530 3532 uigere
553 3450 632 3512 illam
654 3450 830 3530 probarent.
876 3445 962 3522 Quod
984 3455 1085 3510 autem
1107 3449 1363 3530 Pythagoreorum
1391 3452 1520 3514 manime
1539 3450 1694 3532 proprium
1725 3451 1817 3514 luisse
1839 3453 1959 3534 lantque
1981 3451 2051 3515 Pla-

296 3559 360 3622 toni
382 3559 570 3626 refutationis
602 3578 738 3624 caussam
768 3557 887 3622 dedisse
909 3557 1053 3635 vidimus,
1082 3559 1160 3622 idem
1190 3563 1380 3639 protulerunt
1407 3564 1548 3645 Epicurei
1578 3564 1712 3628 dicentes
1740 3565 1869 3626 animum
1900 3573 2051 3646 totamque

295 3667 426 3732 hominis
450 3681 583 3736 naturam
606 3673 637 3734 in
660 3687 821 3752 corporum
844 3669 1052 3735 conuenientia
1079 3670 1205 3750 quadam
1226 3673 1279 3736 vel·
1305 3677 1520 3754 temperatione
1548 3677 1674 3757 positam
1693 3693 1770 3738 esse.
1817 3675 1909 3738 Cuius
1932 3686 2051 3758 tempe-

297 3780 423 3842 rationis
445 3799 537 3862 supra
558 3784 685 3861 primum
709 3779 855 3844 eiusmodi
877 3780 1021 3860 proposui
1050 3783 1203 3862 exempla,
1237 3785 1345 3866 quibus
1368 3795 1501 3866 pateret,
1537 3788 1694 3852 universas
1725 3805 1774 3850 res
1798 3797 1828 3850 et
1856 3788 1998 3850 animatas
2021 3797 2052 3852 et

297 3889 440 3952 inanimus
462 3890 525 3954 sola
548 3890 597 3952 ille
618 3913 656 3955 ex
672 3909 777 3954 caussa
799 3899 923 3954 naturae
945 3909 1018 3954 suae
1042 3891 1153 3957 ducere
1175 3895 1234 3958 rim
1257 3906 1287 3959 et
1309 3899 1521 3980 proprietatem
1529 3919 1538 3974 ;
1561 3898 1669 3962 deinde
1691 3897 1827 3962 adhibitis
1842 3897 1910 3962 libri
1925 3897 2053 3962 secundi

297 4002 483 4083 argumentis
508 4001 625 4066 ostendi
647 4004 749 4066 eadem
773 4021 877 4066 caussa
907 4003 1097 4066 animantium
1125 4007 1274 4070 contineri
1295 4009 1355 4070 vim
1384 4009 1548 4084 sentiendi;
1581 4012 1698 4091 iamque
1727 4010 1879 4073 addendus
1906 4017 1954 4074 est
1982 4009 2052 4072 libri

298 4113 381 4177 tertii
402 4114 452 4178 ille
473 4114 570 4193 locus,
592 4131 652 4194 quo
674 4115 802 4178 honduia
824 4115 939 4176 animae
960 4125 991 4178 et
1011 4116 1120 4178 mentis
1141 4133 1270 4197 corpora
1284 4119 1425 4182 dicuutur
1446 4121 1487 4183 ita
1508 4120 1588 4182 inter
1609 4139 1643 4184 se
1665 4123 1755 4184 mixta
1778 4139 1858 4198 esse,
1882 4115 1915 4182 nt
1937 4137 2050 4201 corpus

299 4221 429 4286 efficiant
449 4243 540 4288 unum
562 4225 663 4289 multis
686 4233 825 4287 constans
847 4223 972 4302 viribus,
995 4241 1071 4306 quae
1093 4228 1229 4312 singulae
1252 4239 1388 4294 secretae
1412 4249 1471 4294 non
1494 4232 1611 4312 possint
1632 4235 1745 4297 sentire
1761 4231 1810 4318 ⁷):

305 4417 549 4440 ψ’*

1042 4463 1050 4506 l

417 4545 439 4616 ¹)
459 4553 530 4604 Ριοι.
551 4553 609 4602 adr.
630 4552 688 4606 Col.
707 4569 730 4605 e.
751 4555 802 4610 20:
842 4556 871 4606 ro*
890 4555 943 4624 yrlp
963 4544 1092 4623 p’trgluee
1110 4558 1155 4608 και
1174 4555 1342 4626 μνημονεύει
1366 4561 1412 4612 arci
1432 4559 1512 4628 «prist
1536 4561 1581 4610 arni
1600 4565 1681 4629 μισεῖ
1700 4561 1745 4610 καὶ
1767 4556 1836 4616 ὅλως
1859 4562 1889 4611 ιιι
1909 4560 2052 4632 φρόνιμον

416 4646 460 4692 καὶ
480 4643 619 4712 ιογιςικιιν
638 4641 668 4694 ιιι
687 4659 769 4706 τινος,
789 4649 881 4712 φησιν,
905 4643 1123 4716 ἀκατονομάστου
1142 4646 1281 4710 uordtqrcr
1300 4647 1486 4716 ἐπιγίνεσθαι.
1526 4650 1567 4700 Ι)ο
1588 4649 1656 4714 plne.
1676 4649 1740 4714 phil.
1762 4647 1802 4698 1v
1822 4649 1854 4700 S:
1880 4649 1911 4702 ἐκ
1929 4651 2052 4722 ιιιὰριου

416 4733 490 4788 cruda
510 4729 720 4802 ιέκαιονομιέςου,
742 4727 809 4796 δῆν
829 4735 898 4804 ndrqd
917 4735 1084 4800 αἰσθητικόν.
1115 4737 1187 4790 Stob.
1207 4739 1255 4788 ecl.
1275 4740 1350 4804 phys.
1370 4753 1396 4804 p.
1419 4739 1483 4791 798:
1512 4763 1547 4776 -
1573 4737 1598 4804 ²)
1622 4739 1927 4805 Plnapteapuit.1v
1947 4741 1993 4794 23.
2015 4767 2049 4778 -

417 4819 441 4883 ³)
460 4821 537 4885 Diog.
555 4823 587 4872 L.
607 4823 634 4874 X
657 4820 720 4876 137.
744 4848 776 4859 -
806 4819 830 4890 ¹⁴)
851 4825 892 4878 tn.
915 4823 985 4878 136:
1019 4824 1034 4889 ἡ
1053 4825 1108 4894 μὲν
1127 4827 1253 4895 megetio
1272 4829 1319 4878 xci
1338 4827 1441 4878 ἀπονία
1460 4831 1686 4897 moorqpmrurnl
1704 4831 1777 4879 ειοιν
1796 4823 1900 4890 idonci.
1942 4830 1996 4882 Cic.
2017 4834 2049 4882 de

417 4911 459 4961 lin.
480 4910 494 4959 1
517 4913 559 4960 ll.
580 4935 616 4948 -
639 4913 662 4977 ὀ)
682 4915 759 4980 Diog.
780 4915 810 4966 L.
827 4915 854 4964 X
876 4910 939 4968 tto.
963 4910 1024 4968 tte.
1051 4917 1241 4968 Cl.Steinbnrt.
1263 4911 1981 4986 ι.1.ρ.472.-0)8οιιι.Ειιιρ.οιιι.ιοιιιι.ιΧ
2004 4921 2052 4973 ta.

418 4997 472 5050 Cic.
493 4998 553 5078 Nat..
572 5000 650 5052 Deor.
670 5003 699 5054 11
723 5005 764 5067 11,
783 5005 828 5058 29.
850 5005 892 5061 Cf.
911 5007 1003 5058 Zeller.
1025 5007 1117 5071 philos.
1139 5007 1230 5060 Graec.
1252 5009 1295 5060 111
1315 5024 1342 5074 p.
1365 5008 1417 5062 101
1439 5011 1496 5060 adn.
1521 5010 1544 5060 t.
1567 5035 1603 5046 -
1626 5007 1648 5074 ⁷)
1669 5011 1771 5062 linerat.
1792 5007 1844 5060 ΠΙ.
1867 5007 2010 5063 262—66.
2102 5053 2104 5058 ,

1712 5099 1878 5162 .4,.
