4780 5634
1120 423 1335 488 „pp-

349 635 381 688 ιι
409 633 509 690 certas
539 631 664 691 poturae
696 621 782 704 leges
810 621 1018 698 terminantem
1042 618 1085 703 ²).
1130 622 1210 699 Ques
1244 621 1330 704 leges
1365 622 1454 686 modo
1483 629 1582 688 motus
1611 623 1779 688 concordes
1814 635 1845 690 et
1873 626 2097 706 convenientus,

349 735 438 803 ruodo
459 733 640 815 uoluptatem
669 729 855 814 appollet²J3
884 732 955 812 quin
985 732 1078 811 ipsem
1108 732 1192 804 deam
1221 734 1250 796 in
1281 733 1423 798 mundum
1452 733 1567 798 inducit
1596 729 1746 799 Venerem
1764 734 1809 818 ³),
1852 755 1908 802 nec
1937 755 2002 803 eern
2031 738 2097 804 dis-

346 845 476 912 similem
502 844 545 911 illi
573 843 699 922 numiui,
726 841 807 923 quod
835 842 1040 923 antiquissimo
1066 851 1201 922 tempore
1225 841 1348 923 Orpbiei
1372 843 1491 925 iissent,
1521 854 1627 926 postea
1647 865 1666 908 e
1688 845 1870 928 pbilosophis
1890 848 2098 930 Empedocles,

348 975 367 1024 o
395 956 491 1037 poetis
520 953 679 1034 Euripides
707 953 843 1034 inprimis
870 952 994 1023 Amoris
1020 961 1052 1021 et
1079 953 1235 1018 Amicitiae
1264 955 1385 1020 nomine
1412 964 1615 1035 nuncupatum
1644 967 1767 1023 ceturae
1796 969 2035 1038 praeposuerunt
2049 957 2095 1041 tt).

347 1067 507 1133 Lueretius
537 1075 652 1144 temen,
688 1065 757 1148 quin
791 1081 851 1129 non
880 1081 1016 1129 cucusam
1051 1065 1239 1131 extrinsecus
1269 1075 1436 1133 moventem
1471 1067 1526 1133 sod
1554 1068 1615 1133 vim
1651 1068 1744 1149 ipsius
1782 1077 1908 1135 nstnrae
1945 1071 2097 1149 propriam

347 1181 473 1262 sumpsit
493 1178 678 1254 tentandam,
707 1195 743 1240 ee
765 1175 884 1257 quidem
913 1193 948 1241 ro
970 1177 1006 1238 eb
1031 1157 1214 1256 Empedoole
1242 1175 1362 1260 longius
1390 1177 1546 1257 discessit,
1575 1179 1699 1258 propius
1729 1179 1856 1244 accessit
1884 1180 1925 1245 ed
1943 1181 2097 1247 Aristote-

346 1293 416 1356 lem.
459 1291 554 1368 Huius
583 1290 622 1354 de
650 1297 756 1355 nature
784 1286 899 1353 nrtiboe
926 1286 1093 1355 sentcntiae
1120 1287 1267 1354 simillime
1289 1299 1336 1354 est
1357 1296 1462 1352 nature
1482 1307 1500 1352 e
1520 1289 1660 1353 Lucretio
1686 1289 1846 1364 celebrate,
1876 1309 2004 1370 prorsus
2028 1293 2098 1372 qui·

348 1401 415 1466 dem
442 1401 494 1468 illu
520 1418 609 1466 caece
633 1411 665 1466 et
690 1397 929 1463 retiono'cbvine
957 1399 1085 1478 privata,
1113 1397 1167 1466 sed
1193 1400 1286 1465 certis
1313 1399 1431 1462 suiset
1458 1399 1600 1481 ingenitis
1631 1399 1747 1483 legibus
1775 1401 1929 1467 adstricta.
1974 1403 2011 1468 Et
2040 1411 2096 1468 tun

348 1513 469 1596 quidem
496 1511 615 1593 ponitus
642 1509 708 1572 illes
737 1509 823 1594 leges
853 1520 977 1574 natiuae
1005 1510 1112 1609 inbxes
1142 1519 1229 1590 poeta
1257 1511 1371 1587 cernit,
1398 1519 1432 1573 ut
1460 1511 1541 1576 nullo
1568 1522 1709 1603 tempore
1736 1513 1773 1574 eb
1795 1514 1839 1576 eis
1861 1513 1976 1581 discedi
2006 1533 2095 1596 posse

347 1625 484 1690 affirmet.
525 1626 627 1698 Quare
654 1639 721 1694 non
744 1621 850 1702 probat
879 1629 1017 1701 portento
1044 1621 1128 1684 velut
1155 1619 1310 1686 semiferas
1341 1620 1492 1686 bominum
1520 1623 1647 1702 species,
1676 1623 1833 1690 animantia
1863 1635 2009 1703 truncate,
2042 1627 2097 1690 elie

347 1737 454 1802 similis
462 1755 471 1810 ;
512 1735 579 1798 tolie
614 1734 672 1800 etsi
708 1751 748 1799 ex
781 1732 970 1813 Empedoclis
1005 1733 1146 1812 opinione
1181 1733 1267 1814 lingit
1302 1732 1398 1812 primo
1431 1733 1532 1796 mundi
1569 1743 1705 1814 temporo
1737 1755 1755 1800 e
1792 1747 1874 1801 terre
1910 1739 2098 1817 provenisse,

348 1857 466 1926 temen,
501 1844 583 1926 quod
610 1843 661 1908 ille
690 1852 866 1924 putaverat,
899 1863 935 1906 ee
963 1845 1133 1908 constitisse
1157 1852 1192 1908 et
1220 1844 1332 1908 vicisse
1367 1833 1476 1910 relu'tat
1512 1853 1671 1926 proptere,
1706 1847 1787 1927 qnod
1820 1855 1945 1912 neturee
1979 1848 2098 1931 legibus

349 1966 495 2040 certoque
525 1974 627 2020 rerum
655 1955 753 2020 ordini
781 1963 966 2037 repugnent3
1001 1972 1196 2034 queeoonque
1224 1955 1304 2018 enim
1334 1955 1514 2038 gignentur,
1550 1975 1587 2021 ee
1615 1955 1740 2020 elbrmet
1769 1959 1890 2022 omnino
1920 1977 1981 2022 non
2009 1977 2099 2040 posse

349 2069 528 2148 consistere,
557 2069 615 2134 nisi
644 2067 777 2149 partibus
804 2075 943 2136 constent
971 2076 1002 2129 et
1030 2065 1159 2130 motibus
1187 2066 1266 2128 inter
1294 2083 1328 2130 se
1356 2067 1603 2130 convenientibus
1630 2075 1660 2130 et
1685 2067 1887 2132 concordibus
1905 2070 1949 2150 ι).
1994 2069 2046 2132 llla
2069 2071 2097 2134 in

349 2180 558 2246 convenientia
587 2186 722 2244 ceussmn
750 2179 834 2260 ponit
859 2178 951 2243 totius
977 2176 1093 2252 rnondi3
1124 2176 1264 2239 mundum
1290 2194 1401 2258 corpus
1427 2177 1574 2258 quodnam
1601 2196 1669 2242 esse
1693 2178 1823 2242 diversis
1849 2181 1990 2242 membris
2011 2199 2099 2244 com-

350 2295 479 2376 positum
501 2293 556 2358 sed
578 2301 673 2357 toturn
692 2300 782 2372 atqua
803 2309 906 2366 unum,
934 2290 974 2354 na
994 2298 1026 2354 ut
1047 2290 1182 2354 animalis
1200 2290 1294 2355 instar
1320 2299 1438 2354 crescat
1467 2299 1498 2354 ot
1525 2288 1633 2354 lloreat
1661 2298 1692 2354 et
1716 2290 1872 2356 decrescat
1888 2291 1940 2374 ⁶);
1971 2293 2098 2357 maxime

349 2405 452 2470 mundi
481 2403 614 2468 membra
643 2403 693 2466 vel
720 2411 849 2484 quotuor
878 2401 1027 2465 clemente
1054 2401 1174 2482 proprie
1204 2401 1234 2464 vi
1261 2419 1296 2462 ee
1326 2409 1431 2464 netura
1460 2400 1539 2463 inter
1567 2419 1600 2464 so
1628 2401 1747 2464 inimice
1771 2419 1842 2466 esse
1866 2411 1897 2465 et
1926 2403 2098 2484 pugnantis,

350 2517 404 2582 sed
424 2535 536 2600 gerere
558 2515 608 2580 illa
629 2515 740 2580 bellum
765 2514 928 2577 cermmiue
947 2531 1046 2593 eoquo
1063 2512 1114 2595 ⁷);
1137 2511 1283 2578 elemento
1303 2511 1422 2579 misceri
1444 2511 1520 2575 inter
1544 2529 1577 2574 se
1591 2519 1623 2573 et
1636 2529 1732 2576 verno
1747 2511 1866 2592 quidem
1890 2519 2026 2593 temporo
2044 2531 2098 2576 ca-

349 2629 409 2694 lide
423 2637 512 2710 etque
526 2626 654 2703 humida,
670 2625 792 2690 Caelum
808 2643 842 2688 ec
854 2624 979 2688 Terram
993 2633 1129 2704 tenqoem
1144 2623 1284 2704 coniugio
1299 2622 1427 2703 quodam
1441 2623 1548 2686 vinciri
1563 2621 1641 2686 inter
1654 2642 1688 2686 ra
1702 2622 1911 2708 arbssime⁸);
1926 2624 1997 2688 binc
2012 2626 2098 2707 gigni

352 2750 443 2822 etque
480 2741 519 2804 eli
553 2741 583 2801 in
612 2737 722 2802 mundo
759 2754 809 2798 res
839 2736 936 2798 varies
970 2751 1096 2798 omnes:
1135 2734 1352 2801 elementorum
1386 2734 1465 2798 enim
1501 2733 1660 2812 particulos
1689 2734 1845 2798 discordes
1882 2736 1961 2798 inter
1997 2751 2031 2798 se
2068 2744 2098 2797 et

353 2851 477 2916 hostiles
493 2851 528 2933 ⁹)
557 2851 689 2914 habitum
718 2866 805 2913 suum
830 2847 913 2912 velut
942 2847 1032 2929 ignis,
1061 2848 1140 2910 ebuis
1168 2846 1331 2928 deponere,
1360 2855 1393 2907 ut
1418 2845 1609 2908 convenienti
1637 2845 1754 2910 ratione
1783 2855 1964 2926 temperatae
1990 2846 2020 2906 in
2047 2859 2097 2902 res

356 2964 527 3028 coalescant
546 2981 620 3026 vere
649 2979 743 3024 noros
761 2959 818 3042 ¹⁰).
854 2961 918 3034 Qua
946 2955 1065 3038 quidem
1094 2975 1200 3022 caussa
1219 2956 1377 3021 Lucretius
1407 2957 1479 3034 ipsis
1506 2954 1662 3020 elementis
1691 2957 1816 3021 subesse
1845 2953 1995 3019 concludit
2024 2967 2109 3021 troc-¹

356 3093 429 3156 pore
456 3073 618 3151 individue,
647 3089 747 3150 caece,
775 3069 849 3134 solis
877 3069 982 3140 formis
1009 3071 1087 3132 inter
1115 3085 1150 3132 se
1178 3067 1326 3132 distentia.
1371 3067 1383 3130 l
1413 3063 1579 3131 tus-82:

784 3183 827 3248 bt
854 3179 1017 3262 primordie
1045 3178 1207 3261 gignundis
1235 3179 1268 3241 in
1296 3175 1381 3240 rebu’
1413 3186 1569 3241 necessest

785 3299 922 3356 naturam
950 3290 1163 3354 otmuesnmm
1190 3307 1369 3370 caecamque
1397 3287 1557 3362 adbibero;

787 3403 917 3467 emineat
945 3420 984 3466 ne
1012 3401 1100 3480 quid,
1128 3401 1207 3480 quod
1236 3407 1342 3464 contre
1369 3407 1485 3480 pugnet
1512 3403 1543 3460 et
1572 3394 1676 3470 obstet,

786 3512 946 3596 quominus
974 3527 1044 3576 esso
1070 3520 1161 3592 quest
1184 3509 1317 3589 proprie
1341 3508 1552 3590 quodcumque
1580 3515 1709 3572 creatur.

483 3629 564 3694 llaec
594 3626 740 3692 sententia
766 3627 824 3688 iam
848 3622 1009 3688 videndum
1033 3631 1081 3686 est
1110 3631 1255 3704 quatenus
1283 3621 1320 3684 ed
1348 3618 1515 3684 animolium
1544 3617 1756 3698 hominumque
1784 3623 1918 3678 neturem
1945 3612 2100 3693 explican-

354 3745 421 3810 dam
454 3742 612 3822 pertiueet.
654 3736 812 3802 Lucretius
839 3735 949 3799 acriter
977 3733 1102 3798 attendit
1129 3751 1245 3807 rerum,
1283 3751 1357 3814 ques
1386 3731 1513 3796 mundus
1543 3731 1691 3810 continet,
1708 3729 1896 3822 ¹varietatem
1927 3727 2098 3793 morionem:

355 3871 461 3918 omnes
490 3869 541 3916 res
570 3867 639 3914 esse
665 3847 800 3912 delinitas
830 3853 915 3910 certo
939 3845 1111 3918 discrimino
1140 3844 1272 3926 generis,
1301 3844 1355 3908 sed
1377 3843 1613 3923 uniuscuiusque
1637 3840 1760 3923 generis
1785 3857 1838 3902 roe
1862 3837 1997 3922 singulos
2022 3839 2101 3902 inter

357 3983 391 4030 se
420 3960 579 4028 dissimiles
613 3977 684 4024 esso
713 3957 806 4036 adeo,
842 3967 877 4022 ut
906 3975 991 4020 suom
1024 3971 1166 4036 quaeque
1188 3971 1259 4034 pree
1288 3973 1322 4018 se
1357 3953 1436 4018 leret
1463 3955 1594 4035 speciem
1629 3969 1664 4016 ec
1700 3959 1837 4014 notorem
1868 3950 2020 4030 propriam
2043 3941 2099 4026 ιι),

356 4077 470 4140 Cuncta
505 4080 605 4137 autem
645 4079 677 4134 et
719 4067 854 4132 animalia
882 4077 920 4158 ¹et
961 4066 1087 4130 inanimo
1128 4077 1187 4132 tam
1226 4068 1304 4132 inter
1338 4085 1373 4130 so
1405 4065 1523 4129 diversa
1558 4081 1626 4130 cum
1667 4062 1705 4126 oli
1742 4061 1840 4126 videet
1874 4067 1906 4122 et
1940 4055 2025 4138 gigni
2062 4073 2102 4119 err

357 4187 480 4264 eisdem,
510 4182 613 4248 mundi
646 4179 808 4246 elementis
837 4180 980 4243 continuo
1016 4175 1075 4242 illis
1110 4193 1239 4259 corpore
1255 4190 1257 4199 ·
1272 4177 1350 4242 inter
1385 4195 1425 4246 se.
1454 4175 1698 4240 convertentibus
1734 4167 1884 4234 concludit
1918 4167 2012 4248 ipsam
2042 4165 2100 4228 vim

357 4295 506 4364 sentiendi
541 4297 572 4358 in
608 4291 783 4358 animalibus
816 4289 1044 4370 nominibusque
1077 4287 1157 4352 effici
1189 4290 1253 4354 sole
1287 4299 1454 4354 atomorum
1490 4259 1682 4364 motuumque
1716 4281 1841 4362 quedam
1884 4276 2101 4344 conuenientia.

359 4441 431 4450 ...ιι-
435 4437 538 4446 ..-.-—-·-

475 4505 497 4570 ¹)
516 4507 619 4558 Luerst.
639 4507 653 4556 1
679 4499 826 4556 1445-
838 4495 861 4563 ²)
881 4503 910 4554 11
932 4503 996 4556 712.
1016 4503 1042 4552 V
1063 4497 1127 4580 ipe.
1149 4505 1177 4556 11
1200 4479 1262 4556 ιιι.
1285 4529 1317 4542 -
1346 4501 1368 4566 ³)
1390 4492 1873 4563 12.-⁸)1txsmptsumpeuoslss
1887 4501 1914 4542 et
1932 4493 2103 4556 Euripideee

472 4595 590 4648 Ismenis
609 4596 733 4649 imitatore
751 4609 874 4660 expresse
892 4593 965 4644 eteali
984 4593 1010 4644 in
1029 4601 1137 4658 queestt.
1150 4594 1260 4644 Lucum
1281 4609 1306 4657 p.
1327 4591 1363 4644 dl
1385 4607 1440 4656 sqq.
1458 4615 1495 4626 ·-·
1516 4589 1540 4656 ὁ)
1562 4589 1597 4640 11.
1620 4586 1674 4642 tob
1694 4603 1749 4653 sqq.
1770 4585 1795 4636 V
1815 4581 1977 4638 ote-922.
1995 4581 2102 4646 Emped.

473 4686 566 4750 fragm
587 4685 626 4736 sc.
647 4685 758 4736 seram
776 4699 803 4750 p.
824 4677 880 4735 ets
901 4699 938 4748 sq.
961 4707 994 4720 -
1017 4673 1041 4747 ο)
1063 4682 1092 4733 11
1115 4680 1187 4736 mos
1208 4678 1343 4747 sqq-⁷)
1363 4681 1389 4729 v
1409 4677 1475 4736 see.
1497 4705 1532 4716 -
1553 4669 1577 4742 8)
1598 4679 1612 4730 ι
1634 4677 1690 4730 eso
1711 4691 1764 4740 sqq.
1785 4674 1814 4724 ιι
1834 4671 1887 4726 oon
1911 4685 1965 4736 sqq.
1985 4671 2103 4734 umnam

474 4776 505 4824 de
525 4773 599 4824 Coeli
619 4782 644 4823 et
661 4773 757 4824 Terrae
777 4773 894 4836 coniugio
913 4773 1115 4837 antiquissimum
1133 4773 1189 4836 ipse
1208 4771 1321 4822 tenderis
1340 4771 1492 4828 Aristoteles
1511 4771 1543 4820 ds
1563 4783 1619 4832 gen.
1640 4783 1683 4818 su.
1703 4767 1718 4817 1
1737 4765 1764 4816 2.
1783 4789 1808 4800 -
1823 4755 1846 4822 ⁹)
1867 4762 1882 4812 Ι
1903 4759 2043 4814 nso-63.
2066 4755 2118 4795 -’

477 4889 512 4900 -
544 4863 579 4926 ¹⁰)
605 4863 685 4914 Arist.
720 4865 751 4914 de
782 4879 839 4928 geu.
876 4871 901 4912 et
931 4877 995 4913 corr.
1023 4863 1038 4913 1
1066 4859 1116 4914 1οι
1155 4859 1170 4922 'l
1196 4857 1227 4912 dl
1255 4859 1328 4928 μίξις
1354 4863 1406 4913 seir
1429 4859 1534 4929 μικιιιν
1566 4856 1769 4909 ιὶιιοιωθένιων
1801 4849 1906 4907 lemnes.
1938 4875 1975 4887 -
2011 4847 2045 4908 ¹¹)
2074 4845 2104 4894 11

474 4950 616 5006 ott-81.
