4780 5634
1097 497 1290 557 ...-q..

320 693 559 777 lsdnuxagoraa
575 692 715 774 placitum
732 690 886 771 amplexus
903 688 974 756 nihil
989 705 1083 773 paene
1101 689 1199 771 potius
1218 687 1328 762 habuit,
1344 703 1431 768 quem
1442 697 1475 752 ut
1494 687 1640 750 humanae
1659 687 1750 752 macti
1761 687 1979 770 simplicitatem
1994 696 2025 753 et
2038 690 2068 752 in

321 823 453 890 corpore
463 805 658 888 principatum
667 801 842 866 uindicaret.
864 803 964 876 Quare
975 819 1030 864 cos
1043 801 1179 881 inprimis
1192 799 1396 881 reprehendit,
1408 799 1459 880 qui
1472 809 1599 863 mentem
1611 799 1783 881 simplicem,
1795 799 1874 881 quod
1889 800 1985 864 oculis
1998 817 2071 882 per-

269 911 271 918 ‘
321 917 382 1000 cipi
396 935 455 982 non
470 915 708 998 porset,nullarn
729 929 799 977 essa
821 913 962 994 putabam
977 909 1020 996 Ι).
1042 913 1158 988 Quanta
1172 921 1270 976 autum
1285 927 1339 991 spe
1354 909 1582 975 immortalitatis
1597 919 1628 973 et
1643 910 1760 974 luturea
1776 910 1925 976 felicitatis
1939 913 2071 976 imbutus
2193 957 2197 966 .

324 1027 426 1105 luerit,
446 1028 559 1108 idpost
571 1025 723 1090 Platonem
743 1033 775 1088 at
789 1021 1016 1106 Xenophontem
1036 1021 1139 1103 pauds
1153 1022 1263 1103 optime
1278 1021 1410 1086 declarat
1424 1020 1530 1084 cteero
1543 1019 1660 1111 dicens,
1678 1039 1748 1085 eum
1763 1041 1822 1085 non
1841 1031 1903 1086 tum
1924 1023 1993 1103 hoc,
2008 1031 2071 1088 tum

324 1139 404 1215 tthu,
427 1149 459 1203 ut
473 1138 504 1201 in
519 1137 687 1219 plerisque,
709 1133 855 1199 sedidem
869 1135 982 1198 dixisse
999 1151 1134 1215 semper,
1149 1135 1263 1198 animos
1277 1133 1428 1197 hominum
1446 1149 1517 1198 esse
1530 1133 1648 1198 divinos
1660 1135 1784 1216 eisque,
1802 1153 1894 1216 quom
1908 1153 1927 1198 e
1942 1151 2072 1217 corpora

323 1249 543 1326 excessissent,
575 1249 704 1312 reditum
727 1247 758 1311 in
778 1245 898 1310 coelam
918 1256 1039 1328 patera,
1071 1247 1184 1326 optimo
1205 1254 1236 1310 et
1258 1243 1421 1310 iustissimo
1443 1245 1697 1326 expeditissimum
1718 1244 1763 1330 ²).
1807 1247 1866 1310 Sed
1889 1263 1965 1327 quaa
1994 1245 2071 1328 apud

324 1363 476 1427 Platorem
490 1370 638 1441 ,tanquam
659 1359 794 1423 &orella
815 1359 983 1422 atleruntur
1004 1363 1183 1437 curamenta,
1206 1357 1332 1439 plurirna
1354 1356 1402 1420 illa
1424 1355 1613 1437 ab0rphicis
1635 1365 1666 1420 et
1688 1357 1884 1446 Pythagoreis
1906 1358 2072 1438 desumpta,

324 1472 471 1554 discipulo
494 1473 595 1552 potius
622 1487 711 1551 quam
739 1469 884 1552 magistro
906 1467 1046 1535 uidentur
1076 1469 1230 1550 placuisse
1274 1467 1347 1531 Gurn
1381 1469 1460 1531 enirn
1482 1467 1564 1532 Plato
1594 1485 1659 1531 cem
1688 1469 1765 1530 riam
1794 1469 1953 1551 ingressus
1981 1477 2071 1544 esset,

323 1592 358 1648 ut
381 1600 458 1664 quse
481 1583 510 1643 io
533 1579 723 1662 superiorum
745 1576 993 1661 philosophorum
1015 1579 1054 1643 de
1074 1579 1170 1642 anima
1197 1579 1311 1660 placitis
1330 1595 1406 1644 aare
1428 1579 1603 1657 invenerat,
1632 1595 1668 1642 aa
1690 1578 1776 1642 noris
1809 1595 1844 1640 uc
1865 1579 2072 1642 subtilioribus

323 1693 494 1758 rationibus
514 1692 614 1756 denuc
630 1692 811 1772 explicaret,
834 1691 863 1753 in
886 1709 921 1755 ea
942 1692 1127 1772 quaestione,
1148 1707 1225 1773 quae
1246 1691 1281 1754 ud
1304 1691 1469 1763 animorum
1491 1691 1640 1773 onginem
1661 1697 1693 1753 et
1721 1689 1921 1754 conditionem
1944 1690 2073 1754 luteram

324 1813 448 1887 spectat.
472 1804 650 1868 sententiam
665 1803 701 1867 ad
724 1803 960 1883 probabilitatem
975 1803 1168 1884 pronuntiare
1181 1813 1211 1868 ct
1226 1804 1261 1865 ad
1285 1803 1369 1885 uolgi
1384 1809 1501 1884 ceptam
1524 1801 1638 1865 inhalas
1652 1811 1742 1883 etque
1755 1803 1902 1886 imagines
1918 1819 2073 1883 exponere

326 1935 385 1980 nou
408 1916 571 1992 recusarit,
591 1915 659 1995 qaia
682 1915 867 1998 argumentis
881 1923 912 1978 et
934 1913 1177 1978 conclusionibus
1199 1915 1228 1976 in
1250 1914 1365 1978 illatrix
1387 1915 1545 1996 quidquam
1562 1915 1639 1978 certi
1654 1913 1733 1977 allici
1755 1931 1844 1995 posse
1859 1913 2015 1978 videbatur
2028 1913 2070 1998 ⁸).

326 2027 419 2109 idque
444 2025 524 2090 Plato
546 2043 605 2088 una
627 2043 696 2088 cum
716 2025 842 2088 socrate
864 2026 991 2088 maxime
1013 2025 1114 2088 hebuit
1135 2041 1323 2112 persuasam,
1353 2026 1469 2088 animos
1490 2025 1619 2108 originis
1638 2003 1707 2090 esse
1728 2023 1848 2088 diriore
1876 2025 2073 2108 singulosque

325 2137 461 2202 immines
483 2146 699 2218 postmortem
722 2137 752 2198 in
774 2135 981 2200 condicionem
1009 2137 1083 2217 ipsis
1105 2138 1332 2200 convenientem
1362 2145 1562 2217 perventores
1592 2145 1622 2201 et
1651 2137 1737 2200 bonis
1766 2137 1860 2214 hene,
1888 2137 1974 2199 malis
1995 2135 2073 2199 male
2154 2141 2156 2144 ’

301 2249 458 2314 .lotururo
472 2247 609 2332 esset).
655 2247 769 2312 Verum
790 2247 905 2310 tabulas
925 2257 957 2312 ct
978 2255 1095 2312 vetusta
1123 2247 1281 2330 religionis
1301 2249 1471 2311 testimonia
1493 2247 1530 2310 ad
1553 2247 1717 2311 doctrinam
1739 2265 1823 2310 suam
1847 2267 1884 2312 ae
1907 2248 1996 2310 modo
2019 2263 2073 2310 ec·
2105 2329 2115 2342 ἱ

324 2361 543 2436 commodarit,
567 2357 776 2436 strutiones,
797 2359 875 2440 quae'
896 2361 1055 2437 suberant,
1078 2361 1215 2423 rariores
1236 2360 1354 2440 penitus
1375 2359 1529 2442 indagatas
1551 2360 1623 2442 ipsis
1646 2359 1850 2423 subtilioribus
1872 2359 2075 2441 philosophiae

325 2471 516 2554 argumentis¹
533 2471 692 2535 intexeret.
723 2474 788 2546 Oua
808 2473 926 2536 retionc
947 2470 1019 2551 quid
1040 2470 1069 2532 in
1091 2469 1218 2553 singulis
1241 2473 1361 2534 mutarit
1382 2471 1512 2552 novique
1534 2471 1598 2552 ipsa
1620 2471 1776 2548 addiderit,
1799 2473 1937 2554 quoniam
1959 2489 1978 2534 e
1997 2487 2074 2552 pro·

325 2585 423 2665 posito
446 2584 574 2648 alienum
596 2594 659 2664 est,
687 2583 839 2665 copiosius
867 2597 1022 2662 exponere
1050 2559 1135 2646 nolo:
1165 2581 1213 2644 hic
1239 2583 1343 2663 paucis
1372 2583 1512 2665 pertore
1543 2591 1657 2646 tanturn
1686 2581 1837 2646 alienanda
1867 2593 1946 2646 suot.
1992 2581 2075 2645 Plato

325 2708 393 2756 uam
415 2693 546 2757 Socratis
568 2705 696 2760 mentem
720 2702 842 2758 secutus
863 2709 966 2756 rerum
988 2693 1143 2757 veritatem
1166 2693 1254 2756 altius
1280 2692 1470 2776 exploraret,
1499 2693 1706 2758 animadvertit
1736 2693 1813 2757 illem
1837 2711 1895 2757 non
1918 2693 1976 2772 eis,
1999 2709 2075 2774 qaae

325 2805 466 2868 sensibus
488 2805 693 2886 percipiuntur
716 2815 747 2868 et
769 2805 910 2868 continuo
934 2814 1095 2884 motantur,
1124 2805 1177 2868 sed
1200 2803 1293 2884 sollu,
1319 2821 1396 2888 quae
1417 2806 1515 2868 animo
1537 2805 1772 2887 comprehensae
1793 2815 1881 2884 sunt,
1904 2805 2076 2870 notionibus

326 2931 416 2996 possa
444 2917 607 2998 cognosci;
636 2917 777 2996 quocirca
799 2918 928 2990 animos,
958 2925 1115 2996 antequem
1137 2917 1168 2980 in
1196 2917 1322 2980 humana
1343 2932 1471 2996 corpore
1500 2917 1663 2994 intrarent,
1685 2917 1806 2980 ¹uixisse
1828 2923 1860 2979 et
1886 2918 1917 2978 in
1940 2917 2075 2980 ueritatis

326 3027 499 3110 cognitione
522 3028 658 3110 riguisse
677 3027 826 3092 conclusit
840 3027 882 3112 ⁵).
927 3028 1050 3108 Sicca,
1078 3045 1156 3110 quaa
1178 3021 1355 3111 Pythagorei
1382 3027 1421 3092 de
1448 3031 1616 3116 superioris
1639 3031 1720 3092 uitae
1748 3027 1961 3092 recordatione
1989 3043 2076 3090 com-

327 3139 419 3201 menti
440 3148 525 3203 erant
545 3140 720 3221 popularius
742 3149 773 3203 et
795 3139 1043 3220 superstitiosius,
1065 3139 1101 3204 ad
1124 3139 1327 3204 sublimiorem
1349 3139 1485 3203 raritatis
1505 3139 1707 3225 cognitionem
1730 3139 1855 3204 rettulit.
1878 3139 1911 3203 ln
1935 3140 1978 3202 eis
2000 3155 2075 3203 vero

325 3248 520 3327 commentis,
541 3267 618 3330 quae
639 3251 677 3312 ad
699 3258 815 3314 sortem
838 3249 967 3313 luteram
990 3253 1157 3332 pertinent,
1179 3251 1236 3314 hoo
1258 3249 1391 3334 inprimis
1414 3251 1484 3314 novi
1505 3251 1647 3332 protulit,
1669 3251 1749 3332 quod
1772 3251 1888 3314 animos
1909 3269 1950 3314 ex
1972 3252 2101 3314 inieris·

325 3361 361 3424 ad
385 3375 514 3443 superos
537 3369 727 3426 revertentes
747 3362 833 3428 finxit
855 3362 976 3442 optione
1005 3364 1130 3445 quadam
1153 3377 1296 3426 concessa
1325 3377 1379 3424 sua
1408 3368 1516 3442 sponte
1544 3361 1600 3426 sibi
1623 3379 1766 3442 corpora,
1803 3379 1880 3443 quaa
1908 3361 2075 3436 induerant,
2101 3394 2107 3400 ·

326 3491 403 3535 noua
413 3471 538 3554 eligere.
561 3471 624 3546 (tua
635 3473 756 3553 quidem
766 3473 883 3538 ratione
895 3474 983 3538 animi
993 3483 1025 3538 et
1038 3475 1176 3555 corporis
1191 3475 1274 3554 quasi
1284 3471 1432 3552 quendam
1447 3490 1627 3536 consensum
1642 3473 1822 3555 significavit
1837 3473 2076 3554 uniuscuiusque

326 3581 450 3646 arbitrio
466 3581 669 3662 peculiarique
691 3583 780 3647 animi
802 3583 904 3648 habitu
926 3594 957 3648 et
975 3583 1167 3648 inclinatione
1188 3584 1380 3648 constitutum
1391 3581 1436 3666 ⁶).
1463 3582 1496 3646 ln
1519 3600 1556 3646 eo
1577 3582 1706 3665 denique
1728 3583 1858 3666 dialogo,
1880 3585 1909 3648 in
1932 3601 1992 3665 quo
2014 3583 2076 3666 Pp-

326 3691 513 3778 thagoricom
535 3693 688 3757 'limacum
712 3695 869 3759 docentem
891 3695 982 3776 iecit,
1013 3695 1110 3759 nostri
1133 3695 1221 3758 animi
1243 3694 1355 3775 pariter
1378 3703 1467 3776 etque
1488 3692 1571 3772 cius,
1600 3693 1651 3774 qui
1673 3694 1728 3756 toti
1751 3694 1860 3756 mundo
1882 3704 1930 3759 cst
1952 3693 2075 3770 inditus,

327 3811 426 3882 partes
448 3802 583 3870 diversus
606 3804 778 3870 harmoniae
800 3807 925 3889 quadam
953 3807 1070 3870 ratione
1092 3815 1270 3886 temperatas
1291 3813 1321 3868 et
1350 3805 1380 3866 in
1404 3821 1490 3867 unam
1513 3813 1648 3868 naturam
1671 3813 1828 3868 contextas
1850 3823 1919 3868 esse
1938 3805 2013 3868 dixit
2032 3800 2075 3887 ⁷).

326 3914 367 3978 ht
388 3914 530 3995 quidquid
552 3915 731 3996 ,harmoniae
753 3919 862 3982 rationi
884 3937 900 3981 a
923 3916 1120 4000 Pythagoreis
1142 3919 1311 3999 propositae
1334 3917 1457 3992 tribuit,
1486 3925 1582 3980 tumen
1606 3933 1676 3980 cum
1697 3935 1799 3980 varam
1822 3917 1912 3980 animi
1940 3925 2076 3980 naturam

326 4040 385 4087 non
408 4024 519 4103 telem,
541 4027 636 4107 qualis
659 4028 753 4110 volgo
775 4028 906 4108 ridetur,
936 4037 1107 4092 concretam
1130 4029 1325 4110 corporisque
1348 4028 1528 4110 contagione
1550 4027 1704 4108 pollutam,
1733 4027 1785 4091 sad
1808 4027 1955 4090 sinceram
1977 4027 2077 4108 potius

326 4153 361 4196 ac
383 4135 548 4219 simplicem
570 4156 639 4202 asse
663 4139 848 4220 eandemque
878 4158 936 4202 non
968 4147 1027 4202 tam
1050 4139 1149 4202 inesse
1178 4139 1298 4222 corpori
1322 4157 1409 4220 quarn
1437 4139 1543 4202 adesse
1565 4139 1672 4217 uellet,
1705 4139 1734 4201 id
1763 4140 1890 4202 maxime
1912 4139 2076 4202 carendum

327 4249 459 4326 putavit,
481 4269 520 4313 ne
541 4250 571 4313 in
596 4251 722 4332 partium
747 4268 896 4316 consensu
919 4249 1059 4333 uitaeque
1080 4251 1302 4316 necessitudine
1324 4253 1439 4316 animus
1458 4270 1496 4314 ex
1518 4269 1647 4332 corpore
1667 4247 1844 4332 pendereet
1867 4251 1972 4314 mortis
1993 4251 2076 4330 peri-

445 4571 467 4633 ¹)
487 4571 609 4636 Xenoph.
628 4571 736 4623 euenor.
757 4573 797 4624 tv
816 4573 848 4635 3,
872 4569 920 4624 tl:
941 4573 1008 4624 ἀλλὰ
1027 4576 1084 4642 μὴν
1102 4576 1146 4624 rrni
1167 4573 1318 4641 ἀνθρώπου
1336 4591 1368 4643 γε
1388 4571 1470 4642 ψυχὴ,
1490 4569 1507 4636 r‘p'
1525 4574 1604 4639 εἴπερ
1624 4587 1649 4622 rr
1668 4573 1713 4622 καὶ
1734 4569 1798 4621 ἄλλο
1817 4571 1870 4621 reis
1889 4569 2075 4640 ἀνθρωπίνων

443 4661 488 4710 ιιῡ
508 4663 586 4711 antee
604 4663 720 4728 μετέχει,
741 4658 783 4712 dtr
801 4661 856 4730 μὲν
874 4661 1012 4729 βασιλεύει
1028 4665 1058 4714 ἐν
1076 4663 1146 4732 ἡμῖν
1158 4660 1288 4732 φανερόν.
1309 4663 1404 4734 dpdrrrs
1423 4661 1455 4714 dt
1476 4659 1533 4714 otu
1544 4659 1615 4724 ndat.
1636 4655 1657 4712 d
1673 4664 1725 4729 ppei
1744 4663 1925 4712 κατανοοῦντα
1939 4661 1978 4730 prr)
1999 4645 2076 4712 ruic-

444 4755 561 4813 φρονεῖν
580 4751 633 4802 rtis
652 4747 816 4818 domatur...
838 4751 956 4804 Brendis.
977 4754 1006 4803 II
1026 4769 1052 4819 p.
1072 4751 1164 4805 63.-·
1181 4745 1205 4814 ²)
1226 4753 1280 4806 Cio.
1301 4755 1332 4804 dc
1352 4755 1426 4805 amic.
1447 4747 1653 4813 t.-³t1²ter.
1673 4753 1772 4802 Phscd.
1792 4767 1819 4817 p.
1844 4745 1898 4802 trt
1918 4753 1952 4805 D.
1972 4751 2076 4814 Deyclrs

443 4835 560 4888 Platonis
577 4841 609 4889 dc
628 4842 770 4892 emmeram
788 4842 938 4904 migratione
956 4843 1079 4894 doctrine.
1093 4845 1186 4907 Progr.
1208 4843 1300 4908 Gymn.
1322 4843 1463 4896 confluent.
1486 4839 1560 4894 1834
1579 4859 1604 4908 p.
1628 4841 1652 4894 7.
1667 4867 1704 4880 -
1722 4835 1746 4900 ἰ
1767 4841 1897 4894 Stcinhurr
1909 4842 1928 4893 l.
1939 4839 1957 4889 l.
1974 4855 1999 4904 p.
2010 4838 2076 4891 380.

445 4920 556 4981 hbfie-
569 4925 592 4990 ὅ)
612 4930 680 4981 ΡΙιιι.
701 4931 801 4982 Phaed.
821 4945 846 4996 p.
869 4931 905 4984 tt
924 4931 1037 4983 u-tt
1058 4933 1092 4983 A.
1114 4957 1150 4970 -
1170 4926 1196 4998 ⁰)
1215 4934 1255 4984 De
1274 4935 1340 4999 περ.
1360 4933 1385 4983 X
1406 4932 1461 4984 ott
1482 4933 1514 4982 Ε.
1547 4933 1656 4984 Βιιιιιᾱίι
1676 4933 1693 4983 l.
1714 4933 1733 4984 l.
1753 4933 1781 4983 Π
1802 4925 1867 4984 ltu.
1897 4929 2075 4993 Wyttenbaoh.

446 5016 570 5066 animadv.
591 5017 616 5067 in
637 5019 705 5069 Plut.
725 5020 770 5070 lib.
791 5022 822 5071 de
843 5037 891 5073 ser.
912 5038 980 5072 num.
1000 5023 1067 5071 rind.
1092 5021 1154 5072 ild.
1175 5047 1211 5060 ·-
1233 5021 1256 5084 ἲ)
1277 5025 1345 5074 Plet.
1365 5023 1431 5072 Tim.
1454 5037 1479 5086 p.
1500 5021 1546 5074 35.
1568 5021 1613 5072 37.
1636 5017 1680 5072 lt.
