4780 5634
1080 511 1296 578 ..ae-

313 710 442 776 cinilrer
459 707 640 774 mutin
659 707 938 790 postilermorstem
958 707 1090 790 ausui
1108 719 1181 776 snt
1197 709 1341 776 estoicis
1359 711 1532 792 qeimmqec
1552 707 1758 776 cunr'anoue
1775 727 1969 778 remmus
1987 724 2059 776 esse

310 821 491 906 mundis
505 827 739 903 postmortem
763 818 885 884 uiues
910 819 1096 886 summoue
1118 819 1161 905 ¹).
1204 819 1354 886 stenen
1376 821 1446 902 phil.
1469 821 1545 903 plec
1567 819 1580 886 l
1601 819 1639 884 8:
1686 818 1818 903 Θαλῆς,
1848 819 2057 904 Hodeydpup,

310 931 464 1014 lithos,
485 930 521 998 ὀἱ
537 929 676 996 balsos*
699 927 1021 1016 &slrwm‘mu'ppgrw
1042 928 1154 1006 οὐσίας
1175 929 1328 1012 ψυχικάς·
1370 925 1451 996 sirsrr
1472 932 1509 1020 dd
1537 929 1595 996 eei
1615 927 1725 1016 ἥρωας
1745 934 1804 1007 τὰς
1824 931 2057 1016 κιχοριομέκς

309 1043 565 1124 visceratim·
586 1038 797 1125 esittiyrsdcric
815 1042 875 1123 pris
888 1044 947 1118 τᾶς
958 1043 1091 1126 ἀγαθὰς,
1109 1043 1226 1118 nmis
1245 1041 1281 1106 oi
1293 1041 1349 1116 ιιὶς
1367 1039 1502 1126 peril-r.
1529 1039 1766 1128 Ἐπίκουρος
1779 1041 1815 1108 δὲ
1831 1039 1920 1108 otidis
1934 1043 2058 1111 susm

311 1154 453 1240 ἐγκρίνει.
475 1156 618 1238 Epicurei
631 1154 711 1220 Deos
732 1155 949 1235 eudaemones,
970 1173 1047 1238 quus
1064 1154 1174 1238 vulgus
1195 1154 1323 1233 colebat,
1341 1171 1446 1218 omnes
1461 1153 1658 1235 exploserunt
1675 1155 1841 1220 rationibus
1863 1155 1911 1220 uei
1930 1154 1997 1222 ullis
2017 1168 2058 1220 ex

310 1269 432 1332 notione
453 1277 579 1331 neturee
592 1263 764 1350 urinam),
786 1263 852 1330 eliis
865 1283 906 1332 er
921 1267 984 1348 ipse
1004 1266 1127 1349 physice
1142 1265 1303 1330 conclusis.
1326 1264 1359 1327 lu
1370 1265 1496 1347 physico
1514 1283 1583 1330 cnm
1599 1267 1696 1330 omnir
1715 1285 1819 1332 rerum
1835 1264 2003 1348 exploratio
2020 1283 2058 1330 eo

308 1377 527 1456 contineretur,
545 1385 578 1441 ut
589 1376 779 1442 turbulentae
792 1377 830 1440 de
844 1376 909 1440 deis
920 1383 953 1440 et
966 1376 1084 1458 superis
1099 1386 1130 1442 et
1142 1375 1247 1440 inieris
1261 1375 1417 1457 opiniones
1431 1376 1586 1440 hominum
1597 1377 1746 1442 mentibus
1757 1385 1983 1454 excuterentur,
1995 1385 2058 1440 tum

310 1489 439 1552 menime
454 1485 505 1551 ilie
518 1485 557 1552 de
568 1487 735 1552 simulacris
747 1487 832 1552 locus
842 1505 880 1552 eo
890 1485 1054 1570 spectrlret,
1065 1495 1098 1552 ut
1113 1485 1514 1552 formidulossedsemonum
1530 1495 1777 1570 mortuorumque
1787 1489 1904 1570 species
1914 1489 1950 1552 sd
1962 1488 2059 1552 simu·

309 1599 394 1662 iocre
416 1598 563 1680 quaedem
585 1597 773 1664 referrentur
792 1597 892 1662 iconie
914 1615 971 1680 per
989 1615 1077 1662 sures
1098 1599 1262 1664 rolitsutie.
1295 1597 1349 1663 Cui
1372 1609 1552 1682 argumento
1575 1600 1731 1666 trectsndo
1754 1609 1875 1683 praeter
1884 1599 2058 1665 Lucretium

309 1709 440 1790 repostis
462 1709 630 1791 Epicureus
650 1709 752 1772 Cutius
774 1707 899 1774 insuber
920 1709 1104 1794 singularem
1124 1709 1271 1792 quendem
1292 1709 1477 1793 diligentium
1498 1712 1641 1793 impendit
1651 1710 1695 1796 Β)
1725 1713 1883 1776 lucretius
1902 1729 1970 1776 cum
1993 1709 2058 1774 eliis

310 1819 388 1884 locis
411 1831 473 1884 turn
496 1839 552 1902 eo,
573 1837 634 1902 quo
656 1821 693 1884 ed
714 1819 875 1885 simulacre
896 1819 1070 1904 explicsuds
1091 1819 1285 1905 aggreditur,
1307 1821 1464 1886 consiliunt
1487 1841 1576 1886 suum
1596 1825 1660 1904 ipse
1682 1822 1814 1888 declsrrt
1827 1821 1881 1907 ⁸)=

870 1947 909 1995 ne
931 1931 1011 1996 ioite
1031 1931 1145 1997 enimes
1165 1931 1341 1997 Acherunte
1361 1949 1483 1996 reemur

698 2039 834 2126 cdupem
856 2051 906 2106 out
927 2043 1048 2107 umbros
1069 2043 1149 2108 iuter
1170 2041 1256 2106 viros
1278 2042 1422 2122 volitare,
2044 2043 2056 2080 ⁸

699 2169 778 2228 nere
799 2151 909 2233 aliquid
930 2155 1027 2218 nostri
1049 2159 1118 2234 post
1138 2160 1265 2217 mortem
1285 2171 1377 2236 posse
1399 2153 1544 2234 relinqui,

695 2280 766 2326 curu
787 2281 898 2344 corpus
919 2263 1007 2330 simul
1028 2273 1119 2346 etque
1137 2263 1228 2328 enimi
1247 2271 1354 2328 nsture
1375 2271 1528 2346 perempte
1627 2299 1634 2310 ·

696 2374 728 2436 in
750 2391 804 2436 sue
826 2372 990 2440 discessum
1013 2373 1151 2439 dederint
1170 2373 1333 2454 primordie
1351 2375 1470 2457 cuique.

308 2481 347 2548 Ut
367 2481 442 2548 mus
464 2482 652 2562 meniumque
673 2481 862 2548 formidinem
883 2485 1035 2549 homiuum
1054 2483 1161 2548 suiuus
1181 2484 1309 2566 expellet
1331 2485 1454 2550 uberius
1476 2485 1597 2548 disserit
1617 2483 1656 2547 dc
1675 2481 1806 2546 Auernis
1829 2480 1957 2562 ullisque
1977 2480 2056 2546 locis

310 2594 405 2658 esuris
427 2609 461 2656 ιο
483 2591 636 2676 religiosis
650 2589 701 2676 ὓς

698 2704 785 2767 iouue
806 2721 847 2768 ue
867 2701 968 2766 i’uteis
990 2701 1063 2766 Orci
1084 2701 1259 2784 ropionibus
1279 2719 1349 2768 csse

697 2816 855 2894 credetur,
877 2821 946 2895 post
967 2813 1036 2876 ltinc
1057 2813 1169 2876 enimes
1186 2813 1368 2877 Acheruntis
1388 2813 1419 2877 in
1441 2830 1511 2876 ores

677 2925 812 3004 ‚ducere
833 2925 913 2990 torte
934 2924 1008 2988 deos
1030 2925 1126 2991 menis
1148 2924 1269 2990 isierne
1287 2944 1417 2990 reamur.

309 3037 423 3102 Eodem
453 3039 612 3120 preecipue
640 3039 768 3104 consilio
794 3038 906 3102 cultum
934 3037 1068 3120 erogitat
1093 3035 1197 3101 listris
1224 3035 1331 3102 ldesee
1358 3046 1389 3100 et
1409 3035 1555 3101 cerretum
1585 3028 1787 3126 comittunt).
1827 3031 1925 3106 Quem
1942 3027 2056 3094 culture

311 3150 547 3231 unuquissimum
575 3158 606 3214 et
634 3125 776 3214 amenum
805 3149 855 3212 diu
884 3157 955 3212 ente
974 3147 1147 3214 Lucretium
1176 3165 1216 3211 ex
1237 3147 1367 3232 Phrygis
1397 3153 1579 3228 receperent
1599 3143 1726 3208 Romami
1739 3140 1775 3226 ⁷)
1795 3159 1857 3206 non
1889 3139 1987 3204 miuus
2016 3137 2060 3204 illi

310 3278 398 3343 quum
421 3259 528 3325 Graeci
556 3261 735 3327 celemitosis
764 3261 949 3342 temporibus
977 3258 1179 3341 superstitiosi
1199 3267 1230 3322 et
1258 3259 1294 3322 ed
1325 3275 1419 3324 nores
1446 3267 1651 3337 ermmmque
1679 3251 1844 3336 religiones
1873 3248 2060 3316 οιοιοοιᾱιι

310 3373 405 3452 pereti
417 3370 462 3456 ⁸).
507 3370 625 3436 ideesm
654 3383 752 3438 eutem
773 3373 898 3438 iletrem
926 3369 1148 3434 coniundclieut
1168 3368 1293 3434 Romeui
1320 3387 1389 3434 cem
1410 3369 1475 3451 Ope
1496 3367 1546 3434 vel
1567 3365 1707 3446 Tellure,
1735 3381 1813 3446 quse
1841 3363 1981 3444 princeps
2004 3359 2060 3424 dee

312 3483 482 3562 partemio
504 3483 558 3548 llis
580 3483 674 3549 ireter
695 3497 727 3550 ct
748 3484 858 3548 conius
879 3499 983 3546 reruru
1005 3479 1136 3544 omnium
1157 3479 1312 3544 dieebetru
1333 3473 1365 3546 it
1393 3497 1502 3562 perens
1522 3495 1594 3544 esse
1614 3486 1647 3543 ct
1669 3471 1902 3558 sepulcrum⁹)·
1945 3471 2060 3548 Offilium

312 3592 416 3656 verbis
437 3593 504 3673 ipse
524 3602 613 3674 poete
633 3593 694 3658 vim
715 3568 867 3658 terrerem
887 3591 1044 3675 significet.
1085 3590 1214 3658 vius:
1309 3642 1320 3656 .

701 3705 890 3786 omniprrens
911 3701 1016 3768 adem
1037 3717 1141 3764 rerum
1162 3715 1320 3766 commuue
1340 3693 1525 3777 scpulcrsre.

312 3809 350 3876 iit
371 3811 400 3874 iu
422 3813 478 3876 linc
500 3814 619 3896 quidem
641 3833 675 3880 re
690 3815 848 3880 tuomum
869 3813 907 3877 sd
919 3813 1039 3878 stoicos
1059 3813 1184 3895 propies
1205 3809 1351 3888 emeret,
1373 3805 1452 3888 qued
1467 3803 1722 3870 reconditioribus
1745 3803 1903 3870 sententiis
1923 3805 2062 3872 excussis

313 3925 448 4004 uniquus
470 3924 584 3991 iubules
601 3927 756 4008 Epicureis
778 3924 894 4008 placitis
915 3933 946 3990 et
967 3923 1098 4008 physicis
1119 3932 1151 3990 et
1173 3923 1336 3990 morelilsus
1355 3916 1570 3984 accomodavit.
1592 3913 1658 3980 lieo
1680 3913 1784 3980 licebit
1806 3933 1876 3978 eum
1897 3932 1967 3980 cum
1986 3916 2063 4000 Epi·

312 4036 413 4099 eureis
436 4053 617 4118 componere
638 4034 831 4120 ecpuelibus,
858 4053 934 4117 quos
955 4035 1063 4099 Cicero
1084 4037 1276 4122 perstrinxit,
1304 4029 1385 4113 quod
1406 4025 1546 4092 inlibris
1567 4026 1632 4092 seis
1665 4024 1743 4090 mele
1762 4025 1885 4107 scriptis
1905 4035 2062 4106 posterum

313 4143 493 4214 refellissent
514 4148 627 4214 irbules
648 4149 872 4231 superstitiosos
895 4153 927 4210 et
945 4147 1072 4227 ineptius
1093 4145 1196 4212 seiles.
1224 4143 1311 4222 Quod
1325 4141 1432 4208 Cicero
1453 4157 1522 4204 curn
1542 4138 1683 4204 isctemu
1702 4137 1829 4220 quedem
1850 4138 1987 4206 elocutus
2005 4147 2064 4220 est,

313 4255 495 4322 Acherontis
516 4258 692 4325 formidines
714 4258 811 4322 rideri
841 4257 897 4321 sibi
925 4257 983 4320 iem
1012 4257 1143 4323 subietes
1156 4257 1220 4342 ¹⁰),
1249 4253 1489 4332 trinorcium,
1516 4251 1569 4333 qui
1598 4249 1753 4313 hominum
1781 4256 1938 4317 mereret
1965 4249 2064 4316 studio

432 4575 456 4640 ¹)
483 4576 560 4642 Diop.
588 4577 621 4628 L.
647 4576 702 4630 vit
729 4578 792 4632 tst.
817 4579 922 4646 lipsius
947 4577 1064 4642 Plrpsiol.
1090 4575 1200 4630 Stoicor.
1226 4574 1242 4626 1
1267 4573 1329 4624 diss.
1359 4570 1479 4624 ts-tt.
1502 4593 1540 4606 ·-
1565 4560 1590 4634 ²)
1617 4569 1696 4634 Dior.
1722 4567 1754 4620 L.
1779 4567 1807 4620 X
1829 4565 1891 4620 123.
1930 4569 2064 4620 Plntsrclr.

429 4667 461 4718 de
480 4667 573 4720 dslsot
594 4665 670 4720 Oreo.
691 4681 714 4718 c.
735 4666 781 4722 2⁰.
803 4691 840 4704 -
861 4664 884 4731 ⁸)
905 4666 959 4720 (lic.
979 4668 1021 4721 ed.
1040 4667 1103 4719 ism.
1123 4663 1175 4716 XV
1197 4661 1242 4714 16.
1265 4661 1309 4716 to.
1329 4655 1531 4724 --’1)ΙιιιοιιιΙ
1552 4657 1593 4710 tv
1614 4650 1738 4712 26-42.
1765 4655 1809 4708 (ll.
1828 4657 1843 4708 1
1866 4655 2006 4710 tou-so.
2027 4683 2064 4696 -

430 4745 454 4817 1)
475 4754 578 4810 nume«.
598 4755 640 4808 ιι
661 4753 716 4808 rus
732 4762 790 4821 sqq.
812 4753 980 4819 (rso-os).
1002 4779 1034 4790 -
1059 4747 1084 4819 ὑ)
1103 4755 1133 4808 ιι
1152 4749 1294 4805 coo-61.
1313 4775 1349 4786 -
1368 4747 1392 4814 η
1410 4749 1470 4800 civ.
1491 4747 1536 4812 uo,
1559 4746 1602 4800 to.
1627 4747 1672 4798 11.
1697 4741 1740 4798 rt.
1761 4745 1805 4798 cr.
1825 4746 1933 4798 eretum.
1953 4747 2064 4812 upum.

431 4843 524 4896 eme.
544 4861 571 4912 p.
592 4841 647 4900 tou
669 4861 706 4912 m.
734 4871 771 4884 -
798 4834 822 4911 Β)
848 4846 904 4898 mv.
927 4845 971 4910 οι,
994 4847 1019 4898 ι.
1059 4844 1169 4896 nomeu
1189 4842 1323 4907 sgrmpe
1343 4841 1358 4892 1
1378 4837 1443 4890 otc.
1464 4861 1502 4877 -
1527 4829 1552 4902 ⁹)
1573 4837 1690 4901 Quaem
1710 4837 1823 4890 sueres
1843 4853 1870 4904 p.
1893 4835 1938 4890 rc.
1980 4837 2065 4889 utrm

430 4935 463 4986 de
482 4935 545 5000 liug-
565 4936 611 4988 lss
630 4937 656 4987 V
676 4933 722 4990 tit.
763 4935 818 4990 (lie.
837 4935 900 4990 list.
916 4935 1044 4990 Deor.11
1064 4933 1110 4988 26.
1135 4933 1178 4986 Dc
1198 4931 1334 4985 emmim
1352 4929 1403 4982 rid.
1422 4927 1535 4982 chsok.
1555 4927 1688 4996 Aglsoplt.
1709 4927 1740 4982 11
1762 4926 1845 4980 1125.
1866 4925 1948 4979 1178.
1969 4951 2006 4965 -
2029 4927 2065 4991 ¹⁰)

433 5023 488 5076 (lic.
506 5025 584 5076 Tunc.
603 5026 619 5077 Ι
639 5024 666 5089 6,
690 5025 733 5078 tu.
757 5027 800 5079 ll.
825 5025 867 5090 16,
887 5025 933 5078 di.
