4780 5634
1084 481 1298 544 ...w-..-

318 682 396 748 enim
418 689 548 748 mentem
577 680 730 766 areliqus
751 689 858 754 natura
880 681 998 748 videtm
1025 681 1112 766 plane
1139 697 1332 764 segregasse,
1354 681 1440 764 quasi
1462 697 1543 744 mera
1562 697 1618 744 rua
1638 679 1670 743 vi
1691 687 1723 744 et
1744 688 1849 746 natura
1871 681 2065 762 inniteretur,

303 769 408 858 'mono
429 811 498 857 eam.
516 801 581 857 crte
603 809 672 856 cum
692 791 743 856 illa
765 792 939 874 copulasse,
966 794 1051 876 quasi
1073 809 1133 858 non
1162 801 1262 872 pumat
1283 788 1362 856 illus
1383 807 1441 871 ope
1462 807 1568 854 cerere
1584 790 1626 873 ²).
1665 789 1793 854 Prorsus
1814 800 1914 856 sutem
1935 791 2068 856 obscure

319 906 395 970 dixit
414 905 453 970 de
473 905 640 974 animorum
662 903 892 986 originemque
915 913 999 972 sorte
1022 905 1131 973 lutura.
1174 901 1249 966 hieru
1271 910 1401 968 mentem
1421 901 1524 967 statuit
1544 901 1666 982 quidem
1694 918 1754 964 nou
1778 911 1811 966 ut
1830 903 1959 966 animam
1980 905 2064 968 sarci

320 1037 388 1084 cum
410 1033 539 1100 corpore
561 1035 618 1082 uec
639 1034 707 1082 esse
727 1025 864 1098 tempore
886 1017 1097 1098 posteriorem,
1118 1013 1372 1080 sedoxuinsecus
1393 1012 1514 1100 ingredi
1536 1013 1566 1078 in
1587 1013 1662 1078 illud
1683 1021 1714 1078 et
1735 1013 1833 1096 stirpe
1851 1031 1906 1080 sua
1928 1033 1997 1080 esse
2018 1017 2067 1082 di-

319 1125 480 1212 vinam²);
502 1147 559 1192 neo
581 1135 680 1194 menen
701 1129 853 1194 concessit
867 1127 908 1208 id,
930 1127 1011 1209 quod
1023 1127 1107 1192 Plato
1123 1123 1291 1208 putaieraq
1312 1125 1404 1192 menti
1425 1143 1466 1190 es
1485 1125 1646 1206 superiore
1667 1125 1727 1188 vite
1748 1133 1779 1190 el
1798 1126 1944 1192 societate
1963 1127 2067 1192 diuina

320 1257 423 1304 rorum
445 1240 584 1305 nouones
604 1239 714 1304 inditas
741 1257 811 1302 ease
832 1245 923 1319 atque
950 1239 1078 1314 innatasr
1114 1236 1270 1302 coniunrit
1295 1237 1388 1302 artius
1410 1243 1539 1302 mentem
1561 1255 1628 1300 eum
1651 1236 1765 1318 relique
1787 1247 1894 1302 nature
1915 1237 2067 1304 affirmans

320 1369 385 1415 erm
406 1350 470 1414 sola
493 1350 633 1416 facultate
653 1351 690 1414 ad
712 1349 938 1432 intelligendum
960 1350 1136 1416 instructum
1154 1348 1304 1431 paullatim
1323 1347 1444 1412 demum
1463 1349 1680 1434 progrediente
1702 1357 1799 1414 aetate
1820 1350 1881 1414 virn
1903 1369 1986 1415 soen
2008 1369 2069 1415 er-

320 1463 433 1545 plicere
446 1460 490 1546 ³).
536 1460 621 1526 Unde
647 1461 826 1546 intelligitur
847 1461 1040 1528 Aristotelem
1062 1461 1147 1542 quusi
1175 1447 1305 1524 medium
1324 1461 1456 1526 tenuisse
1478 1462 1557 1526 inter
1576 1460 1706 1528 Platonis
1728 1464 1905 1528 sententiam
1927 1471 1959 1526 et
1980 1473 2068 1528 vete-

250 1556 255 1572 ’
320 1592 386 1640 rem
406 1573 497 1652 illam,
520 1591 608 1655 quam
630 1581 702 1638 ante
722 1573 785 1638 diri
802 1571 992 1654 Empedoclis
1013 1571 1107 1638 luisse
1129 1571 1314 1652 aliorumque
1325 1571 1497 1648 dicentium,
1520 1571 1579 1636 aim
1602 1572 1750 1636 sentiendi
1773 1583 1861 1654 atque
1883 1571 2070 1659 intelligendi

320 1693 459 1768 tunquam
481 1703 519 1748 er
541 1702 601 1750 ovo
623 1685 775 1765 paullalim
798 1701 996 1766 procrescere
1019 1702 1053 1747 ae
1068 1681 1229 1765 pericii).
1259 1683 1343 1758 Oura
1362 1683 1401 1746 de
1422 1682 1511 1748 animi
1538 1689 1623 1747 sorte
1652 1681 1753 1749 lutura
1778 1685 1810 1748 in
1835 1685 1969 1750 Eodem
1993 1687 2070 1751 dixit

321 1797 513 1880 popularius,
546 1795 649 1876 paucis
675 1805 745 1862 onie
773 1795 828 1881 (p.
846 1795 869 1860 8
896 1777 927 1860 in
950 1795 1016 1860 adn.
1038 1794 1083 1878 A)
1105 1795 1221 1871 notaui;
1250 1793 1282 1861 in
1309 1793 1362 1858 illo
1383 1794 1423 1858 de
1451 1795 1548 1859 anima
1570 1812 1662 1878 opere
1683 1795 1780 1860 simile
1801 1796 1874 1862 nihil
1895 1799 2070 1870 emundarit.

320 1911 352 1974 st
367 1925 443 1972 uero
465 1907 599 1992 singulas
622 1911 797 1990 sententias,
819 1910 946 1991 quaeda
966 1918 1066 1972 mente
1087 1907 1194 1984 attulit,
1217 1924 1321 1972 omnes
1333 1907 1551 1988 composueris,
1574 1905 1661 1972 lecile
1675 1907 1801 1988 videbis,
1824 1927 1892 1972 eum
1915 1909 2071 1990 praeclaro

321 2020 360 2084 de
376 2017 482 2084 mentis
505 2018 651 2082 humanae
671 2019 892 2086 immortalitate
906 2021 1117 2103 cogitasset),
1132 2019 1186 2084 sed
1200 2019 1237 2082 ah
1254 2019 1395 2100 opinione
1407 2019 1537 2102 vulgari,
1552 2037 1639 2102 qnam
1657 2019 1835 2103 Pythagorei
1850 2032 1880 2087 et
1898 2021 1978 2086 Plato
1993 2023 2071 2086 doc·

322 2130 399 2197 trina
412 2149 467 2194 sua
481 2131 691 2212 probaverant,
712 2131 889 2214 longissime
910 2133 1084 2198 recessisse.
1114 2133 1188 2196 Nam
1202 2115 1270 2196 oum
1292 2147 1411 2194 omnem
1432 2131 1686 2212 recordationem,
1707 2131 1856 2212 dolerem,
1878 2133 2071 2215 voluptatem,

322 2242 379 2306 alia
400 2241 506 2305 similia
527 2241 565 2304 ad
588 2243 695 2306 utentis
716 2253 831 2325 partam
853 2244 1011 2325 patientem
1039 2262 1076 2308 uc
1103 2243 1257 2308 mortalem
1285 2239 1445 2306 referenda
1467 2225 1602 2321 putarer,
1632 2243 1739 2306 mentis
1762 2243 1837 2323 parti
1860 2245 1961 2327 agenti
1982 2253 2072 2326 atque

322 2351 481 2418 immortali
503 2351 575 2416 nihil
596 2371 692 2433 paene
712 2353 881 2434 concessit,
903 2355 983 2436 quod
1004 2371 1043 2418 ex
1064 2355 1119 2418 hac
1140 2355 1200 2419 vito
1220 2355 1251 2418 in
1272 2353 1395 2418 alteram
1416 2369 1519 2416 secum
1540 2351 1662 2418 auferre
1682 2353 1732 2418 illu
1752 2353 1850 2418 videri
1870 2355 1967 2435 possit
1977 2354 2024 2438 ⁶).

439 2465 592 2530 'Restabat
613 2465 706 2549 igitur
727 2467 759 2528 in
780 2465 954 2530 Aristotelis
977 2466 1115 2530 doctrina
1137 2465 1245 2548 aliquid
1267 2464 1345 2528 hand
1367 2481 1478 2544 paruae
1501 2463 1712 2538 dubitationum
1740 2465 1822 2545 quod
1844 2464 1909 2530 tolli
1929 2483 1990 2530 uon
2014 2483 2071 2547 po·-

321 2583 409 2654 terat,
432 2576 492 2640 nisi
513 2576 641 2641 ulterius
663 2577 700 2640 ad
718 2577 838 2646 intimos
861 2577 1065 2664 philosophiae
1087 2595 1229 2642 recessus
1250 2573 1479 2658 procederetur.
1508 2576 1609 2651 Quare
1631 2591 1694 2640 nou
1714 2585 1762 2640 est
1782 2575 1960 2653 mirandum,
1982 2578 2071 2642 etiam

200 2679 201 2686 '
322 2704 387 2765 eos,
411 2686 461 2767 qui
484 2679 619 2768 proxime
640 2686 838 2752 Aristotelem
859 2697 931 2752 sunt
952 2689 1060 2768 secuti,
1090 2688 1267 2770 discipulos,
1290 2705 1359 2750 eum
1381 2687 1503 2769 ingenio
1518 2687 1648 2768 impares
1670 2687 1805 2770 magistri
1825 2687 1947 2751 inventa
1964 2687 2073 2753 delen·

322 2795 395 2860 derc
424 2815 484 2860 non
508 2803 612 2862 essent
633 2798 716 2876 ausi,
747 2798 783 2862 ab
813 2816 851 2862 eo
874 2797 1039 2862 descivisse
1060 2808 1090 2862 et
1116 2818 1187 2862 mox
1208 2798 1294 2861 valde
1322 2797 1537 2882 degenerasse.
1586 2795 1671 2860 hiulti
1700 2806 1797 2860 autem
1827 2798 1856 2860 in
1886 2779 1922 2862 eo
1951 2798 2072 2865 luerunt

323 2908 502 2987 concordes,
517 2908 597 2988 quod
610 2909 640 2972 in
656 2907 831 2989 quaestione
845 2907 883 2972 de
898 2909 994 2972 aninna
1008 2909 1140 2979 instituta
1152 2909 1184 2972 id
1197 2909 1355 2992 praecipue
1370 2906 1588 2990 explorandum
1602 2915 1806 2986 sumpserunt,
1820 2924 1880 2990 quo
1894 2918 1978 2989 pacto
1990 2927 2071 2972 mens

322 3017 372 3082 vel
394 3019 565 3084 intellectus
587 3037 655 3084 cum
677 3037 769 3086 seusu
791 3028 823 3084 et
842 3037 974 3100 corpore
992 3018 1178 3086 colmereret.
1199 3019 1259 3084 Sed
1280 3028 1392 3102 quanto
1414 3019 1523 3097 minus,
1544 3035 1622 3100 quae
1644 3019 1674 3082 in
1697 3019 1805 3084 inentis
1821 3019 1964 3102 simplicis
1986 3030 2071 3101 atque

322 3129 482 3194 immobilis
504 3130 678 3196 delinitione
700 3132 832 3196 inessent
854 3129 1019 3196 difficiliora
1041 3141 1072 3196 et
1093 3130 1250 3196 subtiliora
1272 3133 1328 3212 ipsi
1349 3131 1504 3214 explicare
1526 3140 1701 3212 potuerant,
1725 3137 1806 3196 tanto
1828 3133 1924 3216 magis
1944 3150 1982 3195 eo
2003 3143 2073 3198 sunl
2167 3207 2173 3216 ,

324 3239 455 3324 delapsi,
487 3249 521 3304 ut
541 3259 660 3306 omnem
683 3241 762 3306 illam
784 3243 846 3306 vim
875 3261 943 3308 cum
965 3261 1057 3340 sensu
1079 3252 1110 3306 et
1131 3260 1260 3324 corpore
1281 3243 1515 3322 confunderent,
1543 3244 1632 3308 etiam
1653 3261 1723 3306 esse
1744 3253 1872 3310 mentem
1895 3252 1925 3308 et
1946 3245 2072 3310 animum
2134 3246 2142 3264 '

281 3333 284 3350 ⁵
322 3370 451 3434 prorsus
471 3363 629 3436 negarent
670 3353 854 3420 lleoideruut
874 3355 968 3440 igitur
990 3355 1020 3418 in
1043 3354 1165 3419 cosdem
1187 3372 1282 3436 paene
1302 3373 1438 3434 errores,
1460 3372 1537 3436 quos
1559 3363 1647 3420 enlm
1668 3353 1887 3436 antiquioribus
1908 3363 1940 3420 el
1960 3373 2074 3436 aequa-

279 3527 289 3538 ,
322 3463 402 3528 lihus
424 3462 608 3546 philosophis
629 3472 660 3530 et
674 3463 756 3530 Plato
778 3475 810 3530 et
831 3464 1012 3530 Aristoteles
1033 3465 1300 3544 exprobraverant.
1323 3463 1426 3547 ltaque
1442 3465 1644 3530 Dicaearchus
1667 3475 1699 3530 et
1709 3467 1922 3544 Aristoxenus,
1945 3475 2073 3547 uterque

324 3574 499 3640 Aristotelis
520 3572 694 3656 discipulus,
717 3575 976 3660 Pythagoreorum
991 3576 1028 3640 de
1049 3577 1203 3642 harmonia
1223 3578 1400 3642 sententiam
1417 3575 1546 3658 amplexi
1567 3587 1648 3656 sunt,
1669 3577 1797 3642 eandem
1816 3577 1897 3640 illam
1920 3577 2073 3641 aPlatone

324 3695 355 3750 et
383 3685 549 3751 Aristotele
577 3687 764 3768 granissImis
798 3687 964 3752 rationibus
999 3686 1167 3752 refutatam.
1218 3689 1400 3770 Quamquam
1430 3688 1628 3768 Aristoteles,
1663 3688 1714 3769 qui
1748 3689 1814 3770 ipse
1849 3688 1974 3752 animam
2004 3707 2072 3752 cunr

324 3813 454 3878 corpore
475 3795 624 3862 artissimo
640 3797 761 3863 vinculo
783 3797 949 3880 copulatam
963 3807 1144 3882 ettanquam
1165 3797 1288 3864 lormarn
1311 3798 1450 3880 corporis
1473 3815 1597 3882 eamque
1611 3798 1839 3881 inseparabilem
1862 3799 2072 3887 significasset,

324 3905 411 3972 icelle
439 3906 537 3988 potuit
568 3907 600 3970 in
627 3924 692 3972 eom
722 3907 838 3989 partein
866 3908 1009 3992 intelligi,
1038 3919 1070 3974 ut
1097 3909 1235 3980 maenum
1263 3909 1477 3990 potiusquam
1499 3911 1879 3994 adversari·Pythagoreis
1907 3911 2072 3978 videretur.

442 4105 465 4169 ¹)
484 4106 566 4158 Arist.
577 4107 608 4158 de
628 4121 705 4158 sensu
725 4123 750 4162 r.
768 4106 802 4158 6:
824 4103 888 4160 oter
909 4115 970 4160 νοοῖ
989 4108 1004 4160 d
1022 4113 1086 4166 νοῦς
1105 4109 1137 4160 nri
1157 4105 1230 4167 laris
1248 4110 1286 4179 μι)
1305 4109 1364 4178 μετ’
1385 4106 1538 4170 αἰσθήσεως
1559 4105 1629 4167 ὄντα,
1649 4103 1707 4178 cipro
1729 4105 1769 4160 di.
1789 4111 1900 4160 Rimari.
1914 4109 1988 4161 1.111
2012 4106 2072 4160 107.

445 4194 506 4249 109.
530 4196 593 4248 117.
633 4191 1098 4252 20110111387.390.lue.489
1120 4215 1174 4264 sqq.
1201 4223 1237 4236 -
1265 4198 1288 4261 ²)
1307 4199 1424 4263 Metaph.
1445 4199 1485 4250 [x
1506 4197 1537 4249 8:
1558 4201 1588 4248 nd
1609 4199 1637 4267 spi
1657 4201 1762 4266 γενέσει
1785 4193 1863 4264 harpe
1885 4199 1919 4263 aqi
1939 4193 2009 4247 eides
2029 4199 2072 4246 και·

440 4290 469 4354 τῇ
496 4283 575 4354 adalp
600 4281 730 4354 πρότερα,
759 4273 819 4338 οἶον
904 4285 1054 4356 ἄνθρωπος
1072 4289 1236 4356 σπέρματος.
1274 4288 1315 4339 De
1334 4305 1376 4340 cn.
1401 4282 1468 4350 14,
1491 4289 1535 4340 13.
1554 4303 1611 4353 gen.
1638 4289 1714 4338 anim.
1735 4288 1763 4338 11
1783 4286 1815 4337 32
1835 4286 1955 4337 leimam
1977 4282 2006 4338 dl
2027 4285 2074 4336 τὸν

439 4378 505 4426 νοῦν
523 4377 612 4445 μόνον
632 4371 756 4444 superer
775 4375 1100 4434 1ηειςιένιιι,καὶθοῑον
1119 4373 1190 4428 εἶναι
1208 4372 1305 4447 μόνον.
1324 4379 1380 4428 vide
1400 4377 1523 4430 Schmidt.
1544 4379 1562 4427 l.
1574 4379 1593 4428 l.
1606 4401 1641 4414 —
1657 4376 1680 4438 ³)
1699 4377 1740 4426 Do
1760 4391 1801 4426 uu.
1821 4375 1864 4428 111
1885 4371 1911 4438 A,
1931 4375 1963 4427 3:
1984 4373 1999 4425 ὀ
2020 4369 2075 4444 ripn

441 4463 610 4534 καλούμενος
629 4469 673 4528 ric
692 4466 779 4531 ψυχῆς
799 4467 907 4522 νοῦς...
929 4461 1012 4516 οὐθέν
1031 4465 1105 4541 lew
1124 4467 1246 4535 ἐνεργείᾳ
1265 4468 1317 4518 scir
1337 4466 1421 4518 drama
1440 4468 1508 4533 πρὶν
1527 4473 1611 4518 νοεῖν.
1631 4466 1665 4517 ei.
1686 4465 1856 4520 Treodelenh.
1880 4467 1988 4526 ,adesse
2006 4465 2074 4515 ides·

441 4567 497 4606 rum
516 4557 685 4618 conditiones,
703 4557 792 4619 modo,
812 4565 840 4606 ut
857 4557 930 4622 ipsae
951 4555 1008 4618 siut,
1027 4565 1088 4620 agat
1106 4555 1233 4620 rogim
1272 4553 1490 4608 senatusue.
1513 4549 1577 4608 lau.
1598 4579 1633 4594 ···
1654 4551 1680 4618 ⁴)
1700 4556 1781 4606 Arist.
1801 4555 1834 4604 de
1852 4563 1918 4618 pert.
1938 4554 2014 4604 anim.
2035 4553 2076 4604 1v

445 4644 494 4698 1οι
514 4629 531 4707 ηί
551 4647 593 4708 lic
612 4644 698 4713 ψυχῆς
718 4642 785 4714 ἀρχῆ
805 4644 898 4712 nollqi
918 4641 950 4708 dp
972 4641 1125 4708 doratensis
1144 4643 1201 4694 ἐοιι
1219 4643 1265 4695 aei
1285 4641 1457 4713 ceparisina.
1471 4669 1502 4680 -
1518 4641 1543 4708 ⁵)
1563 4645 1630 4696 Vide
1647 4644 1800 4696 Deinhnrdt.
1819 4645 1847 4694 in
1866 4643 1957 4708 Progr.
1980 4641 2072 4706 Gymn.

442 4733 629 4798 Virtehergens.
653 4728 735 4786 talo.
761 4749 788 4800 p.
808 4733 855 4788 36.
894 4757 930 4772 ·-
961 4725 1277 4798 ⁶)·1)em.14,tt=
1306 4734 1335 4786 nd
1356 4730 1388 4786 di
1416 4731 1593 4786 διανοεῖσθαι
1613 4736 1660 4785 aei
1678 4735 1773 4802 φιλεῖν
1791 4731 1807 4794 ἤ
1824 4737 1921 4801 μισεῖν
1946 4731 1994 4783 ode
2019 4731 2076 4789 ι’ςιν

444 4823 547 4874 lasiaco
567 4821 655 4886 πάθοι,
676 4821 742 4874 cilici
763 4821 838 4876 cnudi
857 4827 903 4876 rori
923 4823 1030 4890 ἔχοντος
1049 4822 1148 4880 deriso,
1168 4809 1184 4892 ᾗ
1202 4822 1292 4874 ἐκεῖνο
1311 4822 1376 4890 ἔχει.
1397 4820 1443 4874 ded
1463 4825 1508 4874 arei
1527 4821 1620 4876 τούτου
1633 4817 1823 4890 φθειρομένου
1837 4817 1894 4872 οὔτε
1908 4817 2075 4890 μνημονεύει

444 4910 502 4964 οὔτε
523 4913 608 4979 φιλεῖ.
637 4909 739 4980 eclysin
759 4913 864 4964 ἐκείνου
882 4905 923 4975 ἦν,
944 4913 1010 4964 rlilri
1029 4915 1075 4964 ιοῡ
1094 4917 1197 4972 κοινοῦ,
1218 4908 1235 4964 d
1253 4909 1402 4974 οἱπόλολιν.
1427 4911 1444 4964 ri
1464 4909 1495 4964 δὲ
1515 4916 1579 4970 νοῦς
1605 4914 1670 4970 larse
1694 4907 1878 4978 οειόιιρὸντι
1898 4910 2073 4974 assiduasse

443 5004 507 5060 icas.
529 5001 562 5054 ci.
583 5003 761 5068 Wyrtenbach.
782 5017 871 5068 opusc.
891 5004 920 5054 11
939 5019 965 5070 p.
986 5001 1042 5056 258
1063 5019 1117 5068 sqq.
1157 5005 1242 5054 Zollrr
1262 5005 1290 5054 ll
1310 4997 1375 5056 497.
