4780 5634
1118 471 1333 538 ...1ss-

351 669 409 734 alia
435 671 557 754 quidem
584 681 619 738 ut
646 689 718 736 aves
746 689 787 735 ex
814 673 896 748 ovis,
927 673 983 736 alia
1011 683 1045 738 nt
1072 673 1209 738 homines
1238 690 1277 736 ex
1304 673 1400 738 uteris
1428 673 1603 754 quibusdam
1632 684 1734 740 terrae
1762 675 1992 744 adhaerentibus
2020 699 2094 744 eru-

352 781 432 862 pina
461 791 646 846 commentus
672 789 720 846 est
737 780 780 866 ¹).
824 783 882 848 Ori
910 784 1047 865 exemplo
1075 783 1230 866 proposito
1250 783 1409 849 Lucretius
1443 783 1600 848 transitum
1629 785 1686 850 sibi
1715 788 1830 867 paravit
1858 788 1896 852 ad
1924 789 2099 856 refutandos

273 957 277 964 ,
351 891 477 958 Stoicos.
521 892 558 956 Ei
586 894 666 956 enim
694 893 809 958 animas
837 902 979 976 putarunt
1007 895 1089 958 nasci
1118 893 1149 957 in
1177 893 1314 958 humanis
1341 895 1521 975 corporibus
1548 896 1603 960 sed
1631 895 1688 960 sub
1715 897 1812 978 ipsum
1833 897 1952 962 demum
1980 911 2098 982 partum

351 1003 515 1074 mutatione
543 1003 641 1084 aliqua
670 1003 744 1067 ioris
773 1021 828 1084 per
857 1010 958 1068 aerem
973 1003 1062 1068 ncta
1089 1005 1213 1070 animari
1241 1015 1272 1071 et
1301 1023 1408 1070 sensus
1438 1009 1547 1090 vigore
1575 999 1694 1070 incendi
1717 1005 1761 1090 ²).
1808 1009 1901 1084 Onam
1927 1011 2096 1092 opinionem

350 1113 508 1178 Lucretius
529 1113 641 1179 refellit
660 1115 796 1198 argutius
818 1115 948 1180 aderens
966 1117 1158 1180 mutationem
1179 1118 1300 1180 omnino
1324 1117 1450 1181 evenire
1477 1135 1537 1181 non
1566 1134 1667 1198 posse,
1696 1117 1754 1181 nisi
1776 1119 1919 1183 materiae
1943 1125 2098 1202 particulis

351 1233 420 1289 aute
443 1225 607 1288 conciliatis
619 1223 662 1308 ³).
706 1225 795 1290 Redit
818 1243 895 1310 ergo
921 1235 1009 1308 poeta
1036 1227 1072 1291 ad
1096 1227 1274 1292 sententiam
1299 1228 1337 1291 de
1365 1235 1500 1292 motuum
1525 1225 1793 1314 convenienda⁴);
1821 1231 1852 1292 in
1878 1231 1941 1294 sola
1969 1232 2019 1296 illa
2032 1235 2099 1314 pri-

351 1351 428 1398 maru
451 1351 563 1399 'sensus
591 1353 726 1398 caussam
757 1353 824 1400 esse
854 1335 1029 1417 ponendam.

479 1445 540 1509 Gur
564 1446 722 1510 Lucretius
750 1465 790 1510 ne
814 1448 922 1512 Stoicis
950 1449 1070 1530 quidem
1094 1449 1274 1530 pepercerit,
1304 1449 1357 1530 qui
1385 1458 1417 1514 et
1443 1449 1500 1530 ipsi
1529 1449 1612 1513 nasci
1641 1451 1751 1514 animes
1781 1431 1988 1533 opinarentur,
2017 1454 2047 1517 id
2073 1456 2099 1518 si

350 1573 494 1639 quaeras,
515 1557 756 1638 respondendum
776 1559 850 1638 erit,
870 1559 1037 1641 Epicureos
1057 1561 1118 1624 vim
1136 1561 1243 1642 igneae
1265 1560 1330 1623 sive
1351 1564 1458 1622 ae'reae
1478 1561 1618 1624 materiae
1637 1561 1806 1638 sustulisse,
1834 1581 1894 1643 quo
1917 1562 2037 1627 illorum
2060 1565 2098 1628 de

350 1669 414 1752 igni
434 1655 608 1750 spirituque
624 1669 749 1733 coelesti
768 1679 799 1734 et
820 1671 921 1735 divino
940 1673 1006 1734 siae
1027 1672 1065 1734 de
1084 1669 1181 1736 anima
1208 1671 1311 1734 rnundi
1332 1671 1502 1751 opinionem
1524 1671 1739 1736 convellerent.
1783 1673 1857 1736 Nam
1882 1673 1955 1737 illud
1980 1675 2099 1756 quidem
2208 1747 2212 1768 ν

348 1779 408 1860 ipsi
427 1780 616 1844 affirmarunt
636 1779 778 1844 coelestis
798 1780 907 1844 caloris
920 1782 951 1844 in
972 1789 1078 1846 natura
1093 1791 1125 1846 et
1146 1781 1341 1846 animantibus
1356 1783 1416 1846 vim
1434 1799 1506 1846 esse
1526 1784 1699 1860 maximam3
1720 1785 1802 1866 quin,
1823 1785 1903 1866 quod
1920 1785 1996 1848 inira
2010 1787 2099 1849 vide-

348 1891 457 1970 bimus,
480 1891 510 1954 in
537 1892 625 1954 animi
650 1893 747 1957 nestri
766 1910 896 1974 corpore
915 1893 1092 1978 explicando
1111 1894 1263 1975 particulis
1283 1894 1382 1976 igneis
1408 1902 1438 1957 et
1462 1893 1571 1973 adreis,
1597 1911 1674 1974 quae
1700 1913 1740 1956 ex
1767 1897 1967 1960 crassioribus
1995 1895 2097 1960 mundi

349 2003 504 2067 elementis
518 2013 619 2068 esseut
633 2003 788 2084 molletae,
801 2003 872 2069 alias
886 2005 1065 2069 addiderunt
1078 2005 1197 2069 nornine
1206 2013 1350 2068 vacantes
1363 2011 1393 2068 et
1408 2003 1566 2083 elemento,
1580 2005 1856 2084 qualebristoteles
1867 2009 1894 2084 λ’)
1910 2006 2097 2085 definiverat,

348 2115 465 2196 puriori
479 2123 568 2196 atque
581 2114 682 2178 astreli
696 2117 762 2178 sive
776 2115 917 2179 aethereo
930 2093 1109 2200 simillimam
1133 2115 1186 2179 sed
1206 2115 1272 2178 illas
1289 2115 1451 2196 particulas
1472 2115 1633 2179 noluerunt
1652 2114 1774 2180 haustas
1795 2135 1864 2180 esse
1878 2135 1918 2180 ex
1941 2118 2017 2181 coeli
2032 2119 2097 2181 sive

350 2226 452 2290 mundi
471 2234 577 2289 natura
597 2225 697 2290 divina
718 2235 750 2290 et
769 2224 967 2310 intelligente.
1001 2215 1156 2292 Eiusmodi
1176 2226 1213 2289 de
1234 2225 1352 2308 origine
1374 2225 1474 2290 divina
1494 2225 1633 2305 placitum
1652 2225 1775 2307 Epicuri
1796 2229 1950 2294 doctrinae
1970 2247 2096 2310 prorsus

346 2337 442 2402 titisse
457 2337 584 2402 alienum
606 2347 734 2402 testatur
748 2337 866 2417 Cicero,
883 2340 934 2420 qui
954 2340 985 2400 in
1001 2339 1098 2420 primo
1112 2339 1151 2402 de
1165 2345 1269 2400 natura
1282 2335 1408 2400 deorum
1422 2337 1500 2400 libro
1509 2335 1544 2420 ⁶)
1558 2335 1673 2402 Guttam
1687 2338 1802 2402 inducit
1816 2337 1965 2421 Epicureo
1981 2339 2096 2404 Velleio

348 2449 417 2511 talla
439 2457 652 2530 opponentem:
674 2448 814 2528 „Semina
833 2449 959 2514 deorum
979 2449 1128 2514 decidisse
1144 2449 1182 2512 de
1197 2446 1282 2512 coelo
1302 2446 1332 2510 in
1355 2457 1454 2512 terras
1474 2457 1611 2529 putamus
1630 2459 1662 2512 et
1682 2450 1726 2512 sic
1750 2450 1884 2513 homiues
1908 2457 2025 2531 patrum
2052 2453 2098 2514 si·

348 2559 434 2623 miles
460 2559 633 2626 exstitisse?
682 2559 797 2624 Vellem
832 2561 973 2625 diceretis
980 2581 989 2637 ;
1025 2561 1150 2624 deorum
1188 2557 1397 2642 cognationem
1431 2575 1627 2640 agnoscerem
1663 2577 1723 2622 non
1756 2559 1877 2624 invitus.
1927 2559 2007 2624 Nihil
2034 2562 2093 2624 tale

348 2669 463 2750 dicitis,
493 2671 545 2734 sed
574 2689 646 2733 casu
675 2687 744 2734 esse
772 2670 899 2751 iactum,
935 2680 968 2735 ut
996 2689 1132 2737 essemus
1160 2669 1272 2734 similes
1301 2669 1461 2732 deorum.“
1505 2669 1585 2734 Ante
1616 2671 1733 2734 Stoicos
1761 2670 1887 2734 similem
1915 2673 2093 2734 seutentiam

350 2783 478 2862 amplexi
506 2790 592 2846 erant
614 2801 631 2846 e
651 2781 775 2847 Graecis
799 2783 983 2866 philosophis
1005 2783 1185 2866 Pythagorei
1205 2788 1237 2846 et
1257 2781 1466 2863 Anaxagoras,
1495 2799 1513 2843 e
1538 2782 1635 2862 poetis
1655 2781 1858 2862 Epicharmus·
1873 2792 1903 2848 et
1924 2782 2093 2862 Euripides,

347 2911 424 2975 quos
450 2895 556 2960 imitati
583 2901 653 2958 sunt
680 2904 787 2975 poetae
816 2896 911 2959 Latini
934 2893 978 2976 ⁷).
1022 2893 1181 2960 Lucretius
1209 2893 1240 2955 in
1269 2893 1338 2974 ipso
1367 2892 1506 2955 carminis
1535 2894 1582 2956 sui
1612 2892 1737 2957 exordio
1769 2894 1866 2976 tangit
1895 2903 2093 2957 commentum

346 3005 513 3070 Ennianum
527 3003 563 3088 Β)
592 3005 630 3070 de
651 3005 765 3084 animis,
793 3023 871 3086 quae
896 3005 985 3087 pullis
1006 3004 1148 3069 divinitus
1171 3005 1403 3084 insinuarentur,
1424 3003 1489 3088 'alio
1510 3003 1577 3066 loco
1598 3005 1777 3068 sententiam
1801 3004 1912 3066 relutat
1935 3004 2044 3065 Pacuvi
2057 3003 2092 3084 ⁹)

345 3117 486 3182 Aetheris
507 3117 569 3180 vim
590 3128 729 3198 tanquam
754 3117 883 3181 divinam
902 3116 1057 3180 laudantis.
1102 3119 1197 3192 Quam
1218 3133 1292 3178 vcro
1314 3116 1424 3178 acriter
1438 3115 1579 3195 Epicurei
1601 3115 1680 3179 illam
1701 3116 1739 3180 de
1762 3117 1856 3179 anima
1879 3115 1980 3177 mundi
1996 3115 2092 3195 deque

347 3226 425 3290 coeli
445 3234 476 3290 et
494 3227 628 3290 siderum
650 3228 804 3292 divinitate
825 3228 996 3310 opinionem
1017 3227 1255 3310 exagitaverint,
1269 3243 1319 3289 ex
1338 3226 1538 3306 disputatione
1556 3227 1685 3310 intelligi
1707 3235 1806 3308 potest
1825 3225 1966 3308 Epicurei
1987 3225 2091 3303 Vellei,

347 3355 436 3419 quem
450 3337 686 3404 dissentientium
707 3339 951 3420 philosophorum
967 3339 1072 3419 placita
1086 3337 1296 3418 explodentem
1317 3334 1388 3400 lacit
1401 3336 1508 3402 Cicero
1525 3335 1580 3423 ¹⁰).
1610 3339 1694 3403 ilatio
1710 3337 1903 3422 grevissima,
1928 3355 1985 3419 qua
1998 3337 2092 3400 utitur

346 3447 489 3529 Velleius,
517 3449 613 3531 posita
635 3459 682 3514 est
701 3452 732 3516 in
753 3451 815 3531 illa,
844 3469 931 3532 quam
960 3468 1052 3531 supra
1081 3448 1176 3527 attuli,
1204 3448 1352 3512 sententia
1372 3447 1496 3527 Epicuri
1516 3449 1652 3530 dicentis,
1685 3457 1813 3513 mentem
1844 3466 1903 3513 non
1933 3450 1962 3511 in
1992 3448 2092 3530 quoli-

345 3560 398 3625 bet
418 3577 557 3642 corpore,
586 3562 641 3626 scd
665 3561 730 3625 solo
752 3563 781 3624 in
810 3563 938 3626 humano
960 3563 1094 3624 existere
1116 3569 1146 3625 et
1168 3559 1273 3644 vigere
1295 3575 1385 3640 posse
1404 3557 1461 3642 ¹¹).
1506 3559 1589 3624 Unde
1609 3562 1667 3624 iam
1690 3559 1801 3623 clarius
1829 3568 1963 3640 apparet,
1984 3569 2092 3642 quanta

347 3673 387 3736 sit
405 3671 536 3754 Epicuro
564 3673 724 3738 similitudo
754 3693 822 3737 cum
842 3672 1016 3749 Aristotele,
1046 3673 1096 3754 qui
1126 3671 1254 3753 quidem,
1282 3680 1432 3752 utsupra
1461 3671 1590 3752 ostendi,
1620 3673 1649 3734 in
1672 3671 1879 3752 superioribus
1908 3669 2091 3753 philosophis

342 3829 587 3842 m

350 3907 363 3924 ⁸
464 3911 485 3978 ¹)
511 3913 553 3966 (ll.
573 3915 691 3966 Karsten.
712 3914 730 3963 l.
750 3913 768 3964 l.
789 3929 814 3980 p.
835 3908 890 3966 441
920 3930 973 3979 sqq.
993 3913 1095 3965 Lueret.
1115 3913 1141 3962 V
1163 3911 1218 3965 teo
1238 3927 1292 3976 sqq.
1319 3937 1356 3948 -
1382 3907 1406 3972 ²)
1434 3910 1535 3961 Lucret.
1556 3913 1585 3961 11
1606 3905 1749 3962 eet-tt.
1790 3910 1949 3976 Chrysippus
1969 3925 2010 3974 ap.
2031 3909 2092 3959 Plu-

461 4007 543 4056 tarch.
563 4007 595 4056 de
607 4005 684 4056 Stcio.
704 4005 823 4070 Repugn.
843 4019 866 4055 c.
887 3999 942 4054 41:
960 4006 991 4054 τά
1009 4007 1111 4072 βρέφος
1131 4003 1161 4054 ἐν
1179 4005 1209 4072 τῇ
1226 4003 1322 4072 γαστρὶ
1342 3997 1425 4070 φύσει
1444 4002 1605 4069 τρέφεσθαι,
1625 4001 1742 4069 νομίζει,
1762 3999 1889 4069 καθάπερ
1905 3996 2009 4067 φυτόν·
2029 3992 2093 4054 διον

462 4089 493 4144 δὲ
512 4097 609 4163 τεχθῇ,
629 4090 805 4160 ψυχούμενον
824 4091 880 4143 aiud
899 4092 945 4144 τοῦ
966 4090 1045 4164 ἀέρος
1064 4095 1109 4144 καὶ
1129 4089 1317 4161 στομούμενον
1337 4091 1366 4142 rd
1385 4089 1495 4159 πνεῦμα
1515 4086 1702 4158 μεταβάλλειν,
1722 4091 1766 4140 καὶ
1787 4093 1915 4157 γίνεσθαι
1936 4086 2013 4142 ζῶον.
2049 4082 2091 4133 Ci.

461 4183 572 4235 Lobcclr.
592 4183 724 4248 Aglaoph.
745 4184 760 4233 1
779 4199 806 4248 p.
829 4183 892 4238 758.
932 4185 1097 4234 Tiedemann.
1118 4181 1187 4246 Syst.
1207 4180 1306 4232 Philos.
1328 4178 1405 4230 Stoic.
1426 4180 1455 4229 11
1477 4174 1531 4230 148
1553 4195 1606 4244 sqq.
1620 4183 1653 4213 -'-
1670 4177 1692 4240 3)
1714 4179 1780 4230 Cum
1800 4174 1956 4226 Lucretianis
1977 4173 2091 4223 uersibus

462 4272 603 4325 926-31.
625 4267 757 4326 eea-41
778 4273 856 4338 plane
882 4281 1024 4337 congruunt
1048 4275 1126 4323 rerba
1145 4271 1278 4322 Plutarchi
1303 4269 1330 4318 in
1350 4268 1467 4333 Sympor.
1489 4270 1517 4318 Π
1538 4277 1635 4332 quaest.
1656 4268 1682 4329 3,
1704 4269 1737 4318 2:
1776 4259 1877 4330 ‹lvriqu
1896 4263 1949 4330 γάρ
1969 4260 2000 4312 ἐν
2018 4259 2092 4329 πάσῃ

460 4364 591 4433 μεταβολῇ
610 4359 826 4432 andrapensium
836 4364 882 4413 τοῦ
899 4359 1121 4432 μεταβάλλοντος,
1142 4361 1169 4420 ἐξ
1189 4348 1220 4411 οὗ
1240 4357 1376 4427 μετέβαλε.
1398 4355 1496 4405 σκόπει
1520 4353 1561 4411 δέ,
1583 4351 1623 4404 ὅτι
1644 4356 1757 4407 oxelare
1776 4350 1806 4402 λν
1825 4347 1932 4421 δένδρῳ
1950 4351 1995 4400 καὶ
2014 4364 2092 4416 rapp-

461 4449 542 4509 άόνες
551 4447 703 4521 ἐμφύονται
711 4448 778 4518 ξύλῳ
789 4453 856 4503 κατά
866 4453 951 4517 σῆψιν
961 4449 1103 4518 ὑγρότητος
1112 4447 1128 4514 ἢ
1138 4453 1235 4514 πέψιν.
1244 4475 1281 4490 -
1288 4439 1530 4509 ιι)Ιιαοί·οι.τ.941;
1543 4445 1735 4506 ,couvenientes
1742 4441 1853 4493 motcs“.
1862 4465 1898 4478 -·-
1908 4437 1932 4504 ⁵)
1939 4439 2005 4488 Vide
2014 4453 2092 4502 supro

403 4593 405 4606 ,
461 4544 514 4609 p.9
531 4545 589 4594 edu.
602 4541 630 4593 8.
652 4565 689 4578 -
709 4537 735 4605 ⁶)
754 4557 777 4595 c.
789 4540 891 4606 2291.
908 4567 943 4580 -
963 4539 1126 4606 ⁷)Exempla
1139 4538 1352 4605 philosophorum
1364 4541 1391 4585 et
1404 4541 1537 4600 poetarum
1550 4529 1922 4596 cumLucretiuuiseompoeui
1937 4527 2090 4589 inQueestt.
2167 4547 2170 4552 ¹

459 4634 571 4684 Iruerctt.
591 4649 617 4697 p.
638 4630 675 4684 68
695 4647 750 4698 sqq.
773 4653 810 4668 --
837 4621 1105 4696 ⁸)Lucrat.1116.
1146 4629 1187 4682 Gi.
1207 4629 1233 4678 V
1255 4626 1318 4680 790.
1358 4624 1424 4675 Vide
1443 4624 1599 4674 Vahleuium
1617 4625 1644 4674 in
1665 4623 1780 4686 Quaerat.
1800 4635 1863 4687 ques
1883 4619 2014 4684 praemisit
2033 4617 2091 4665 En-

459 4725 550 4774 nianaa
575 4723 660 4787 poesis
686 4723 800 4787 reliquiis
826 4737 852 4787 p.
871 4721 938 4772 XXI
958 4737 995 4786 aq.
1023 4745 1060 4758 -
1086 4710 1111 4782 ⁹)
1136 4707 1466 4769 Lucret.V318-324.
1507 4711 1548 4763 ct.
1569 4713 1667 4764 Pocur.
1690 4712 1782 4776 Chrys.
1808 4710 1902 4774 dragus.
1922 4707 1970 4760 VI.
1989 4705 2045 4756 VII
2064 4707 2091 4754 in

459 4811 714 4876 maglocunum.
734 4811 859 4876 Reliquiis
878 4813 918 4860 ed.
937 4811 1063 4862 Ribbeck.
1083 4823 1110 4874 p.
1133 4807 1222 4858 71.-
1236 4806 1271 4869 ²⁰)
1293 4805 1347 4857 Cic.
1367 4805 1428 4857 Nat.
1448 4806 1527 4856 Decr.
1547 4807 1561 4856 1
1585 4805 1618 4856 to
1640 4819 1693 4870 sqq.
1714 4805 1844 4870 Estiones,
1863 4815 1926 4866 qaus
1945 4799 2020 4850 offert
2029 4799 2091 4848 Vel·

459 4903 540 4962 laius,
563 4916 581 4950 ι
600 4900 723 4954 Cicerone
747 4917 780 4951 ex
798 4901 912 4952 Pbucdri
930 4902 1026 4965 egregii
1050 4899 1171 4964 Epicurei
1197 4898 1262 4948 lihro
1279 4883 1353 4964 λπερὶ
1378 4897 1453 4947 θεῶν
1473 4895 1582 4948 haustae
1609 4903 1674 4946 suut.
1713 4895 1784 4956 vid.
1800 4893 1918 4945 Krische.
1945 4893 1985 4941 die
2013 4887 2089 4939 theol.

461 4991 562 5041 Lehreu
582 4991 606 5040 d.
626 4990 722 5054 griech.
741 4990 847 5041 Deuker
866 5005 891 5055 p.
913 4988 959 5040 28.
986 5013 1023 5026 -
1053 4989 1088 5051 ¹¹)
1107 4987 1174 5038 Vide
1194 5001 1271 5052 supra
1289 5001 1315 5052 p.
1341 4985 1384 5038 13.
2064 4991 2068 4998 ’
