4780 5634
725 703 730 711 ·
755 673 798 754 [iai
821 688 945 754 quoque
960 674 1044 738 enirn
1063 673 1132 739 sies
1149 674 1290 754 pernicie
1306 691 1369 738 neu
1390 673 1442 738 iet
1463 675 1579 752 eorum]

753 793 784 848 st
798 785 831 848 si
851 785 966 849 tantula
985 785 1157 865 pars-eeali
1178 785 1277 848 raedis
1293 785 1348 848 iila
1366 793 1563 866 paraenesi,

752 895 863 960 occidit
883 895 1035 976 exmmplo
1057 895 1158 960 lunren
1179 895 1382 978 tenebraeque
1401 905 1556 961 secuntur.
1588 921 1591 933 ·

753 993 925 1087 [ιιωιιιιιι
946 1007 1082 1088 quava
1104 1007 1217 1090 ιιιιῃι
1235 1007 1410 1089 meremus
1431 1009 1536 1087 onst·

665 1151 669 1160 ·
751 1117 811 1182 boc
832 1120 930 1182 uninra
953 1125 1042 1198 atque
1063 1119 1179 1182 animm
1201 1120 1296 1183 amati
1316 1126 1388 1184 suut
1407 1119 1534 1184 loedme
1554 1133 1683 1198 semper.
1904 1207 1907 1214 Ι

364 1243 495 1309 Similem
517 1247 633 1308 annuae
656 1261 724 1308 cum
746 1245 831 1308 visus
859 1248 924 1309 acie
946 1245 1197 1328 comparationem
1220 1263 1310 1327 supra
1339 1245 1503 1310 memoravi
1531 1223 1694 1311 institutam
1717 1245 1753 1308 ab
1776 1245 1939 1310 Aristotele
1962 1243 2017 1330 1].’
2049 1249 2114 1313 lm-

363 1359 477 1440 cretius
500 1373 575 1420 veru
597 1355 767 1438 exemplum
788 1357 943 1420 invenisse
962 1359 1084 1422 videtur
1106 1357 1136 1420 in
1161 1358 1281 1438 scriptis
1302 1357 1430 1440 Epicuri
1445 1355 1490 1440 ²).

452 1565 456 1573 Ι
492 1479 558 1542 dam
582 1487 615 1542 ut
644 1497 697 1557 ea,
725 1495 802 1559 quae
824 1493 841 1540 a
862 1478 1004 1558 Lucretio
1026 1481 1064 1544 de
1093 1489 1194 1543 mente
1222 1491 1292 1545 sunt
1313 1481 1479 1562 disputata,
1509 1497 1672 1562 proponam
1696 1481 1797 1562 paucis
1820 1479 1962 1560 collecta,
1990 1489 2112 1562 apparet

363 1599 492 1654 mentem
513 1609 582 1652 cum
610 1591 707 1654 anima
729 1591 918 1653 commixtam
947 1593 1028 1654 omni
1059 1609 1189 1672 corpore
1212 1594 1358 1656 contineri
1378 1602 1409 1658 et
1430 1611 1468 1656 eo
1490 1594 1609 1675 quidem
1632 1599 1718 1674 paeto
1740 1591 1783 1655 illi
1810 1593 1941 1655 iunctam
1963 1609 2047 1670 esse,
2076 1601 2112 1654 ut

363 1703 421 1767 nisi
443 1721 511 1764 cum
534 1703 626 1765 totius
648 1712 774 1766 naturae
794 1703 917 1768 interitu
940 1703 1041 1766 divelli
1062 1721 1123 1786 pon
1145 1705 1257 1784 possit;
1286 1713 1314 1767 at
1337 1705 1479 1784 eandem,
1510 1705 1560 1767 ubi
1583 1725 1617 1768 ra
1639 1714 1766 1768 externa
1787 1704 1872 1784 pulsa
1895 1705 1950 1783 sit,
1979 1704 2010 1765 in
2039 1720 2111 1764 cor-

363 1832 438 1895 pora
459 1813 526 1877 lieri
547 1831 684 1876 caussam
705 1814 853 1878 sentiendi
860 1834 869 1891 ;
897 1831 990 1894 porro
1013 1814 1137 1877 eandem
1160 1815 1219 1877 vim
1241 1831 1309 1879 esse
1337 1823 1431 1880 totum
1454 1833 1565 1898 corpus
1587 1817 1805 1890 custodientem
1826 1817 1966 1897 vitaeque
1987 1813 2113 1878 salutern

365 1925 496 1988 maxime
523 1933 749 1990 sustentantem.
795 1925 859 1989 Nec
886 1925 1046 1989 Lucretius
1081 1927 1189 1990 mentis
1223 1935 1359 1989 naturum
1388 1946 1405 1988 a
1434 1945 1565 2008 corpore
1594 1928 1675 1990 omni
1709 1927 1798 1990 modo
1827 1926 1898 1990 iacit
1925 1943 2113 2006 suspensam,

367 2037 451 2117 quasi
481 2037 601 2102 omnino
629 2053 690 2100 non
719 2039 814 2118 possit
842 2038 987 2101 societate
1014 2035 1093 2100 illius
1122 2053 1238 2103 carere.
1281 2037 1379 2120 Negat
1398 2037 1478 2101 iilam
1498 2039 1656 2119 quicquam
1677 2039 1792 2100 sentire
1814 2046 1864 2101 aut
1885 2037 2000 2119 degere
2023 2051 2114 2117 posse

364 2166 384 2210 a
412 2166 542 2229 corpore
570 2148 760 2228 disiunctum,
787 2160 817 2213 at
845 2149 1035 2213 coniunctam
1062 2149 1142 2212 illam
1171 2167 1240 2211 cnm
1268 2167 1398 2230 corpore
1426 2147 1491 2212 vult
1517 2151 1565 2211 sui
1593 2167 1663 2212 esse
1691 2153 1855 2228 potentem,
1884 2157 1919 2208 ut
1947 2165 2002 2210 sua
2030 2147 2114 2228 quasi

365 2261 397 2321 vi
425 2259 557 2323 innitens
592 2259 658 2323 sola
684 2261 742 2322 sibi
771 2261 865 2340 sapiet
901 2261 1019 2340 sibique
1054 2259 1199 2342 gaudeat,
1236 2278 1303 2323 cum
1340 2278 1395 2322 nec
1430 2263 1527 2322 anima
1555 2277 1613 2323 nec
1641 2277 1754 2340 eorpus
1789 2277 1823 2322 re
1859 2267 2015 2322 moveatur
2036 2259 2112 2330 xulla.

364 2370 501 2452 lienique
530 2371 684 2436 constituit
713 2391 779 2434 eam
808 2374 838 2434 in
859 2389 989 2453 corpore
1017 2381 1155 2453 tanquam
1185 2372 1348 2453 principem
1370 2380 1401 2434 et
1429 2369 1587 2450 dominam,
1617 2389 1694 2452 quae
1715 2371 1778 2434 sola
1799 2377 1939 2451 regulet
1967 2379 2115 2450 temperet

368 2490 398 2545 ct
427 2482 509 2545 uniat
537 2489 639 2562 partes
662 2483 797 2546 diversas
820 2492 850 2546 et
871 2482 1027 2546 discordes
1056 2482 1204 2563 talemque
1232 2483 1323 2546 totius
1351 2489 1476 2546 naturae
1497 2482 1605 2546 efficiat
1628 2479 1818 2561 concentum,
1845 2481 1943 2562 qualis
1964 2480 2114 2542 hominem

364 2592 483 2656 divinae
512 2603 657 2675 exaequet
686 2593 828 2658 felicitati.

464 2773 467 2786 ,
494 2716 563 2780 lilas
590 2698 671 2780 vert>x
694 2719 858 2782 sententias
886 2718 1045 2781 Lueretius
1073 2717 1110 2780 ad
1146 2719 1280 2800 magistri
1308 2717 1430 2798 Epicuri
1464 2715 1569 2798 placita
1596 2737 1633 2780 eo
1668 2717 1757 2780 modo
1787 2716 1952 2797 expressit,
1988 2723 2021 2778 ut
2049 2715 2116 2794 ipse

368 2845 429 2890 nou
458 2845 537 2890 noua
562 2827 705 2908 quaedam
731 2829 899 2892 condiderit
927 2829 981 2892 sed
1003 2829 1158 2891 doctrinae
1186 2829 1264 2892 iilius
1293 2829 1443 2908 interpres
1470 2828 1605 2892 extiterit
1636 2829 1804 2892 fidissimus.
1849 2827 1967 2908 Optime
1990 2825 2027 2888 de
2050 2843 2115 2886 rna-

370 2940 468 3020 gistro
490 2938 653 3018 discipulus
679 2941 799 3016 meruit,
826 2941 907 3020 quod
933 2942 1088 3004 doctrinae
1111 2941 1244 3004 rationes
1266 2939 1448 3004 difficiliores
1476 2939 1593 3018 penitus
1619 2942 1772 3019 perspexit
1797 2947 2028 3020 perspectumque
2052 2935 2115 2996 suis

368 3049 530 3112 luminibus
561 3049 762 3132 collustravit3
794 3051 859 3130 ipse
886 3059 984 3114 tamen
1014 3051 1086 3114 nihil
1115 3053 1234 3128 adiecit,
1263 3070 1317 3113 cur
1346 3049 1509 3114 dissedisse
1541 3069 1557 3111 a
1586 3049 1689 3114 schola
1718 3070 1772 3113 sua
1800 3058 1922 3132 putetur
1940 3046 1983 3130 3).
2029 3043 2115 3121 Quod

368 3162 459 3224 tantis
488 3159 591 3223 verbis
621 3161 680 3222 uim
709 3161 861 3241 praedicat
890 3163 997 3225 mentis
1026 3174 1167 3242 naturae,
1203 3162 1232 3225 id
1262 3163 1357 3242 ipsum
1386 3161 1549 3224 imitatione
1586 3159 1656 3222 iacit
1683 3160 1823 3241 Epicuri,
1858 3178 1915 3240 quc
1945 3156 2049 3222 nescio
2079 3173 2114 3217 an

368 3289 457 3335 nemo
485 3271 680 3354 philosophus
715 3274 871 3338 iactantior
899 3273 990 3336 tuerit
1024 3276 1055 3335 in
1085 3275 1200 3336 ratione
1235 3273 1362 3334 hnmana
1390 3271 1542 3334 efferenda
1575 3271 1763 3352 hominisque
1798 3270 1942 3352 sapientis
1976 3268 2116 3331 felicitate

368 3384 525 3466 glorianda
538 3382 586 3470 l).
629 3383 692 3447 Nec
720 3385 868 3465 Epicurus
899 3384 929 3446 in
958 3386 1073 3447 animae
1101 3393 1206 3448 natura
1242 3381 1416 3464 explicanda
1445 3384 1603 3464 quicquam
1638 3382 1779 3446 habuisse
1807 3383 1926 3446 videtur
1955 3379 2115 3460 antiquius,

371 3513 458 3574 quam
482 3503 515 3557 ut
536 3496 628 3559 menti
648 3497 846 3577 principatum
868 3496 1045 3560 uindicaret.
1077 3495 1162 3593 Quod
1185 3483 1251 3558 cum
1273 3495 1332 3558 iilis
1350 3495 1514 3574 sententiis,
1537 3513 1612 3576 quas
1634 3495 1723 3558 modo
1739 3513 1806 3557 oum
1820 3493 2007 3558 Lucretianis
2030 3510 2117 3555 com-

365 3715 614 3730 —n-u--n-—n

488 3853 510 3916 ¹)
529 3833 591 3902 Vid.
612 3866 690 3916 snpra
711 3867 737 3916 p.
759 3843 869 3914 9.-²)
889 3852 1107 3918 Dispersus:
1128 3853 1180 3904 Διὰ
1198 3851 1230 3917 ald
1250 3855 1295 3903 καὶ
1316 3850 1510 3922 ἐνυπάρχουσα
1530 3856 1544 3918 ἡ
1566 3857 1635 3922 ψυχή
1658 3851 1804 3910 οὐδέποτε,
1825 3850 1907 3902 ἄλλον
1926 3851 1998 3908 τινος
2018 3847 2118 3921 μέρους

483 3939 707 4008 ἀπηλλαγμένου,
729 3937 902 4003 ἀναισθητεῖ,
923 3941 1024 4010 ἐάνπερ
1045 3939 1160 4012 διαμένῃ
1179 3943 1215 3992 τὰ
1235 3941 1291 4001 ὀξυ
1311 3945 1394 3994 aratri
1413 3947 1469 4006 rapat
1489 3945 1678 4007 αἴσθησιν,
1710 3941 1777 3992 atto
1797 3936 1896 3993 ἄνκαὶ
1917 3938 1979 4003 αὕτη
1998 3934 2118 3998 ξυναπό-

485 4029 567 4092 ληται,
588 4031 636 4078 rori
657 4026 831 4096 στεγάζοντος
849 4029 978 4088 λυθέντος
1005 4029 1126 4082 sts’tttov
1144 4033 1197 4082 stae
1216 4035 1262 4083 roi
1280 4036 1381 4102 μέρους
1400 4029 1481 4091 τινος·
1520 4033 1598 4086 verba
1617 4049 1682 4099 quse
1702 4033 1809 4082 subinde
1829 4041 1966 4097 sequanmur
1985 4025 2118 4076 conferunt

484 4121 518 4170 ed
536 4133 638 4170 uersum
659 4113 731 4180 415,
750 4134 825 4184 quern
846 4119 985 4172 Goebelina
1005 4123 1159 4184 emendavit,
1177 4123 1370 4189 explicandum:
1409 4127 1440 4174 ιο
1459 4120 1491 4174 δὲ
1510 4123 1610 4176 λοιπὸν
1630 4122 1775 4192 ἄθροισμα
1795 4118 1927 4188 διαμένον
1954 4115 2011 4166 aui
2039 4109 2118 4164 ὅλον

483 4209 529 4259 καὶ
548 4205 614 4258 κατὰ
633 4207 781 4276 piperellus
800 4209 914 4276 ἔχειιιῖν
933 4211 1071 4275 αἴσθησιν,
1092 4211 1197 4264 ἐκείνου
1216 4209 1422 4284 ἀπηλλαγμένου
1442 4209 1508 4267 ὅσον
1526 4216 1593 4264 ποτέ
1610 4213 1652 4270 icc
1676 4212 1711 4262 ud
1731 4213 1919 4261 συντεῖνον
1937 4206 1990 4255 seir
2010 4199 2117 4272 ἀτόμων

485 4297 591 4360 πλῆθος
610 4297 651 4352 εἰς
670 4298 717 4359 salv
735 4301 779 4360 τῆς
798 4299 885 4365 ψυχῆς
904 4299 1000 4367 φύσιν.
1021 4325 1058 4336 -
1078 4296 1102 4364 ³)
1122 4300 1182 4352 Non
1201 4303 1325 4352 maestior
1344 4302 1501 4354 Steinhertio
1521 4301 1558 4366 (in
1568 4302 1660 4352 Erech.
1682 4299 1825 4351 etGruber.
1847 4297 1942 4362 encyci.
1963 4311 1983 4345 s.
2004 4311 2027 4343 v.
2042 4292 2116 4356 Epic.

485 4403 512 4453 p.
534 4381 591 4438 tto
612 4389 671 4438 adn.
692 4381 743 4452 44)
768 4388 908 4454 Epicurum
927 4391 953 4440 in
973 4393 1099 4458 corporis,
1124 4392 1269 4442 Lucretium
1293 4393 1319 4442 in
1344 4393 1422 4444 ammi
1440 4391 1604 4441 dissolutione
1629 4390 1737 4440 horninis
1761 4387 1891 4437 interitum
1910 4385 2034 4451 posuisse.
2074 4379 2117 4429 Ex

485 4493 537 4528 uno
556 4477 615 4540 illo,
641 4491 716 4542 quem
736 4479 853 4542 exhibet,
878 4480 935 4530 loco
955 4481 1031 4545 Diog.
1051 4481 1083 4533 1..
1102 4481 1129 4531 X
1149 4479 1185 4532 65
1206 4482 1356 4546 intelligitur
1373 4481 1514 4548 Epicurum
1538 4481 1667 4531 censuisse
1692 4480 1791 4529 enimse
1818 4483 1929 4544 portem,
1958 4487 2009 4538 que
2029 4485 2117 4522 sensus

487 4582 595 4618 acumen
613 4569 784 4618 contineretur
802 4564 844 4630 (ιο
858 4565 902 4627 ὀξυ
922 4573 989 4620 unsri
1008 4573 1054 4633 ιιὶν
1073 4571 1218 4634 αἴσθησιν·
1238 4570 1268 4620 ud
1288 4575 1428 4622 ουνιεϊνον
1442 4571 1495 4621 rata
1516 4566 1626 4639 σίὀμων
1645 4569 1752 4631 πλῆθος
1770 4569 1820 4617 vid.
1832 4567 1890 4616 adn.
1903 4561 1941 4626 2),
1960 4561 2117 4612 interituram

487 4671 557 4720 esse,
583 4658 605 4707 si
623 4658 665 4708 rel
683 4667 765 4709 totum
790 4673 883 4724 corpus
903 4660 944 4710 uel
962 4675 1022 4726 pars
1042 4667 1179 4725 contegens
1204 4659 1390 4710 dissolveretur.
1431 4659 1522 4721 Qualis
1541 4659 1587 4709 ille
1605 4674 1666 4724 pers
1686 4660 1729 4720 sit,
1755 4671 1807 4707 non
1827 4662 1866 4704 est
1881 4653 2035 4712 indicatum
2065 4665 2116 4700 non

487 4747 688 4813 qualemcunque
707 4749 768 4813 fingi
787 4748 864 4799 licere
883 4763 916 4800 ex
929 4750 980 4799 loci
998 4750 1068 4800 initio
1079 4755 1194 4815 apparet.
1220 4749 1428 4800 Lueretiusldem
1440 4749 1551 4799 eillrnrat
1562 4751 1803 4812 dototocorporer.
1817 4739 1964 4803 sss-sm
1984 4755 2032 4790 nec
2050 4747 2118 4790 tacet

487 4839 518 4888 de
538 4845 610 4903 parte
628 4853 653 4887 r.
673 4832 739 4893 413.
765 4839 802 4891 Ut
820 4841 886 4890 eninr
904 4842 974 4890 rium
994 4839 1065 4890 laese
1083 4840 1188 4906 pupula,
1207 4841 1243 4890 ita
1262 4841 1384 4890 sentiendi
1404 4841 1472 4889 acies
1490 4847 1562 4904 perte
1581 4840 1634 4902 ills,
1654 4852 1705 4903 qua
1724 4837 1871 4901 contegitur,
1890 4837 2010 4897 cormpta
2029 4837 2116 4896 peresi

487 4937 527 4980 est
545 4943 658 4980 necesse.
679 4951 716 4966 -
735 4923 760 4991 ⁴)
780 4931 858 4998 Diog.
878 4929 910 4981 1..
930 4931 957 4980 X
979 4929 1047 4982 132:
1067 4931 1096 4980 ud
1115 4931 1229 4998 μέγιςον
1247 4927 1388 4998 alyn-idaei
1409 4926 1549 4996 φρόνησις.
1584 4929 1624 4978 Ib.
1648 4913 1717 4979 135'2
1742 4923 1804 4996 ζήσῃ
1825 4921 1856 4975 di
1876 4919 1913 4980 atr
1932 4922 1999 4977 θεὸς
2018 4921 2048 4971 ἐν
2067 4916 2115 4966 ἀν-

487 5015 624 5087 θρώποις.
665 5015 758 5069 Οὐθὲν
775 5019 829 5087 γὰρ
848 5017 919 5071 ἔοικε
940 5020 1030 5088 θνιμρῖ
1048 5017 1107 5088 iniqu
1128 5018 1181 5079 ζῶν
1200 5017 1349 5086 ἄνθρωπος
1368 5017 1397 5070 ἐν
1418 5015 1566 5074 ἀθανάτοις
1585 5015 1710 5087 ἀγαθοῖς.
1752 5015 1793 5070 Cf.
1814 5015 1885 5068 stet.
1907 5028 1981 5065 serm.
2002 5007 2048 5070 17,
2068 5003 2112 5057 30-
