4780 5634
1098 485 1292 548 ..3-

320 687 388 748 eolo
405 685 554 750 obnoxios
575 703 645 749 esse
665 685 820 748 videratur
836 682 879 767 ¹).
910 687 1008 760 Quare
1031 695 1152 767 praeter
1174 685 1315 768 physicos
1337 683 1416 760 illos,
1432 681 1518 765 'quos
1538 683 1678 748 Socrates
1700 691 1787 748 autea
1809 683 2071 766 emmeramus),

320 798 394 862 ahos
415 797 605 862 aduersarios
622 815 741 878 amque
762 797 856 862 multo
877 799 1013 862 acriores
1034 807 1066 862 et
1093 815 1133 860 ex
1155 795 1220 878 ipsa
1241 797 1428 880 Pythagorae
1449 795 1552 860 schola
1581 795 1734 876 proiectos
1756 797 1950 878 impugnavit.
1996 796 2070 860 Tum

321 910 400 972 enim
423 907 506 974 multi
535 909 670 986 homines
698 917 730 973 et
751 907 832 972 docti
853 917 885 972 ιι
913 909 1026 972 indocti
1048 908 1200 972 harmonio
1229 907 1279 971 illa
1306 908 1384 970 male
1411 907 1563 972 intellecta
1592 908 1623 970 in
1650 908 1728 972 hauc
1756 925 1877 987 proram
1899 907 2071 988 opinionem

321 1021 539 1099 discesserant,
567 1030 601 1084 ut
626 1020 758 1084 animum
784 1019 858 1084 nihil
877 1035 948 1084 esse
976 1020 1034 1084 nisi
1062 1020 1243 1084 harmoniam
1273 1020 1350 1083 insta
1377 1012 1504 1100 quadarn
1531 1019 1671 1098 eorporis
1699 1019 1826 1098 partium
1855 1019 2071 1098 temperatione

320 1131 455 1196 allectam
477 1140 654 1207 censerent3
687 1125 768 1196 unde
790 1133 961 1194 necessario
984 1132 1128 1212 consequi
1150 1131 1306 1212 putebant,
1334 1146 1464 1211 corpora
1491 1140 1636 1211 corrupto
1664 1131 1794 1196 animum
1814 1127 1899 1192 velot
1920 1129 2072 1209 eorrupt'm

320 1243 430 1308 iidibus
449 1243 534 1326 lyrae
555 1253 734 1308 concentum
756 1242 882 1306 dissolvi
903 1261 938 1305 oe
959 1243 1108 1324 disperire
1120 1242 1164 1326 ³).
1201 1243 1282 1306 linae
1303 1243 1396 1325 igitur
1418 1243 1588 1322 opinionem
1611 1240 1827 1306 fallacissimam
1850 1251 1883 1304 ut
1904 1261 1944 1306 er
1966 1241 2071 1304 animis

320 1363 477 1418 excuteret
500 1355 582 1418 Plato
604 1355 770 1418 animorum
799 1363 935 1418 naturam
956 1354 1086 1418 divinam
1112 1361 1144 1415 et
1172 1353 1367 1418 immortalem
1389 1371 1458 1418 cunt
1487 1353 1554 1416 aliis
1581 1352 1680 1418 moltis
1702 1353 1904 1434 argumentis,
1929 1359 1991 1414 tum
2014 1351 2072 1416 hoc

305 1465 453 1544 ‚omnium
475 1467 654 1548 gravissimo
676 1472 708 1528 et
729 1481 855 1544 prorsus
874 1481 957 1528 navo
978 1443 1127 1542 deiendit,
1159 1464 1239 1544 quod
1260 1463 1407 1541 animum,
1435 1463 1466 1526 ia
1488 1464 1689 1544 quodcunque
1711 1481 1824 1543 eorpus
1849 1463 2072 1545 ingrederetur,

321 1575 391 1642 illuc
413 1577 503 1640 vitam
525 1576 637 1640 alierre
657 1585 689 1640 et
710 1594 763 1638 sua
785 1587 891 1642 natura
913 1577 1002 1640 morti
1023 1591 1150 1656 prorsus
1171 1576 1355 1640 contrarium
1377 1569 1447 1640 esse
1469 1574 1602 1640 ostendit
1612 1572 1658 1658 ²⁶).
2104 1575 2105 1582 ’

453 1687 711 1768 Pythagoreorum
733 1687 771 1752 de
797 1687 950 1752 harmonia
972 1687 1150 1752 sententiam
1179 1695 1246 1766 post
1268 1686 1418 1751 Platonem
1447 1685 1512 1750 aliis
1541 1685 1628 1748 novis
1657 1686 1822 1748 rationibus
1851 1687 1882 1748 in
1910 1703 2004 1765 opere
2033 1683 2071 1746 de
2155 1665 2158 1672 ’

322 1801 418 1862 anima
432 1799 599 1878 composito
615 1797 757 1864 refutarit
771 1799 951 1866 Aristoteles
962 1802 1008 1882 ⁵).
1035 1797 1063 1862 ls
1078 1815 1164 1875 vcro,
1186 1815 1256 1860 cum
1270 1798 1300 1860 in
1314 1798 1370 1862 boc
1385 1796 1564 1862 refutatione
1580 1811 1638 1860 non
1655 1807 1688 1859 ut
1703 1795 1784 1860 Plato
1799 1796 1873 1860 illari
1887 1796 2072 1876 propositum

322 1911 464 1988 haberet,
492 1918 527 1972 ut
559 1928 615 1989 pro
644 1911 733 1972 animi
760 1909 980 1976 immortalitate
1008 1917 1229 1991 propugnaret,
1256 1909 1288 1972 in
1316 1907 1574 1991 Pythagoreorum
1602 1909 1743 1988 opinione
1770 1908 1844 1972 duas
1873 1907 2073 1974 dubitationes

322 2020 450 2101 relinqui
474 2021 683 2086 animadvertit
705 2021 838 2105 physico.
872 2023 996 2097 Quaerit
1016 2021 1106 2100 onim,
1128 2039 1184 2082 eur
1205 2019 1351 2110 dissoluto
1374 2037 1504 2112 eorpme
1526 2019 1647 2084 tollatur
1667 2020 1780 2096 amma,
1802 2037 1857 2082 cur
1879 2019 1976 2080 anima
1997 2017 2074 2082 sub-

322 2133 382 2214 lata
403 2150 514 2214 corpus
543 2135 812 2215 corrumpatur0).
856 2136 935 2208 Quas
956 2133 1159 2196 dubitationes
1180 2150 1248 2194 cum
1275 2149 1313 2194 eo
1335 2129 1424 2194 modo
1446 2131 1595 2212 proterat,
1624 2141 1657 2196 ut
1686 2132 1750 2210 ipse
1777 2131 1864 2195 otiam
1888 2128 1991 2192 lavere
2013 2130 2075 2210 Pp-

323 2245 539 2327 thagoreorum
560 2245 727 2310 sententiae
748 2244 835 2308 facile
857 2246 954 2325 possit
974 2244 1072 2306 videri
1085 2244 1140 2327 ⁷),
1173 2242 1328 2306 manifesto
1351 2242 1539 2325 intelligitur,
1561 2261 1646 2317 eum,
1679 2244 1758 2322 quod
1782 2241 1863 2306 Plato
1884 2239 2075 2323 neglexerat,

323 2356 476 2436 postulare
505 2355 591 2420 aliam
621 2373 758 2420 caussam
788 2356 825 2419 od
853 2357 942 2418 animi
970 2365 1001 2420 et
1030 2355 1166 2436 corporis
1195 2354 1275 2418 illurn
1302 2353 1539 2416 communionem
1569 2363 1599 2417 et
1627 2352 1984 2420 vitaenecessitudinem
2016 2360 2075 2414 tam

326 2486 464 2550 magnam
486 2468 700 2549 explicandam.
745 2470 848 2548 Atque
877 2455 933 2530 bac
960 2471 1088 2532 inanime
1108 2469 1139 2530 in
1161 2467 1335 2547 quaestione
1357 2475 1494 2528 versatus
1516 2474 1569 2529 est
1590 2465 1787 2540 Aristotelem
1808 2483 1878 2528 cum
1900 2482 1975 2526 vero
1997 2463 2076 2545 pty-

323 2578 379 2642 sioi
400 2589 501 2661 partes
524 2597 616 2662 agere
639 2579 753 2658 mallet,
787 2580 930 2643 moralem
952 2581 1041 2644 animi
1063 2578 1269 2642 condicionem
1291 2578 1390 2640 miuus
1413 2586 1552 2654 curaret,
1581 2576 1742 2642 uPlatooe
1772 2577 1863 2657 longe
1886 2575 2026 2640 discessit
2046 2581 2076 2636 et

325 2689 491 2755 doctrinam
513 2691 647 2755 condidit
669 2710 738 2755 cum
760 2692 935 2774 vulgaribus
956 2692 996 2756 de
1016 2692 1183 2754 animorum
1204 2690 1323 2772 origine
1346 2707 1380 2752 ac
1401 2699 1485 2754 sorte
1507 2687 1607 2752 lutura
1630 2689 1835 2768 opinionibus,
1869 2705 1943 2768 quas
1965 2685 2076 2767 Pytha·

325 2804 412 2884 gorei
434 2813 464 2866 et
487 2803 568 2866 Plato
591 2813 746 2884 tantopere
767 2804 988 2881 sustinuerant,
1017 2802 1068 2866 nix
1091 2801 1152 2864 ullo
1179 2803 1267 2864 modo
1285 2799 1514 2865 conciliandam.
1559 2799 1706 2864 Nimirum
1736 2801 1766 2862 in
1796 2799 1922 2882 singulis
1953 2805 2076 2860 naturae

324 2913 417 2978 rebus
445 2915 669 2994 perscrutandis
697 2914 943 2997 diligentissimus
966 2913 1211 2987 stultorumque,
1240 2887 1438 2994 quaecunque
1465 2914 1495 2975 in
1526 2913 1636 2974 muodo
1664 2911 1742 2976 lacta
1771 2921 1875 2975 essent
1903 2919 1934 2972 et
1961 2909 2076 2980 herent,

324 3035 442 3089 eertum
464 3025 611 3108 quoddam
634 3035 758 3092 naturae
779 3028 935 3090 consilium
958 3025 1124 3108 ingenitum
1146 3043 1215 3088 osse
1236 3034 1268 3088 et
1290 3025 1524 3103 uniuscuiusque
1546 3024 1592 3085 rei
1617 3022 1742 3086 iormam
1764 3039 1838 3085 suae
1859 3029 1890 3083 et
1911 3019 1996 3100 quasi
2018 3017 2076 3082 do-

325 3139 467 3202 mesticae
489 3139 630 3202 materiae
651 3139 765 3202 innasci
774 3137 819 3222 8).
852 3138 890 3202 lit
911 3139 1071 3218 praecipue
1092 3137 1281 3200 animantium
1302 3151 1416 3217 genera
1437 3133 1743 3220 animadvertitcerto
1766 3140 1891 3194 naturas
1904 3130 2075 3195 discrimine

324 3253 405 3314 inter
434 3269 468 3313 se
497 3250 644 3313 disiuncta
672 3269 741 3314 esse
768 3259 799 3314 et
829 3250 977 3314 distantia.
1020 3248 1111 3314 Cuius
1132 3248 1317 3312 constantiae
1338 3256 1369 3310 et
1390 3246 1544 3310 varietatis
1573 3259 1707 3308 caussam
1735 3245 1764 3306 in
1787 3252 1870 3306 certa
1899 3251 1931 3306 et
1958 3242 2075 3306 delinita

311 3337 440 3426 'animae
462 3369 492 3424 et
514 3363 652 3441 corporis
674 3362 791 3426 ratione
813 3361 939 3440 positam
960 3377 1030 3422 esse
1051 3357 1211 3424 intellexit:
1241 3359 1367 3423 animam
1388 3337 1458 3420 esse
1479 3356 1617 3436 corporis
1646 3355 1825 3436 principium
1846 3365 1878 3418 et
1900 3355 1960 3417 vim
1983 3363 2077 3418 totum

446 3671 469 3742 1)
493 3677 564 3730 Plut.
592 3679 624 3727 de
651 3691 692 3726 on.
719 3691 802 3742 procr.
832 3693 847 3726 e
873 3676 941 3728 Tim.
968 3693 991 3726 c.
1018 3676 1035 3726 3
1061 3676 1120 3728 ίιτεί
1147 3677 1209 3726 καθ’
1235 3676 1374 3746 ἁρμονίαν·
1397 3677 1553 3738 contracto.
1580 3669 1699 3740 ἁρμονία
1726 3665 1802 3720 d'otls
1828 3665 1898 3728 ἒςιν,
1931 3666 1968 3724 οἱς
2001 3666 2080 3726 αὐτος

444 3772 477 3822 ἐν
503 3770 539 3834 aqi
568 3768 630 3832 περὶ
660 3769 746 3830 ψυχῆς
770 3762 922 3824 ιίττέδειξεν.
969 3765 1106 3818 Stciuhart.
1133 3767 1164 3816 dc
1190 3767 1259 3817 Pina.
1286 3767 1385 3817 Phaed.
1411 3757 1436 3830 p.
1465 3757 1520 3814 445
1551 3771 1602 3811 not.
1633 3759 1676 3811 70.
1710 3783 1746 3794 -
1781 3754 1804 3820 ²)
1829 3757 1897 3807 Plau.
1926 3758 2024 3809 Phued.
2053 3773 2081 3824 p.

447 3857 481 3909 77
509 3857 541 3907 B.
570 3881 602 3891 -
632 3851 655 3918 ³)
683 3855 722 3905 1b.
751 3871 777 3920 p.
805 3855 884 3906 85ss
915 3880 945 3890 -
975 3855 1062 3907 880.
1091 3881 1127 3892 -
1154 3851 1179 3918 ¹⁸)
1204 3855 1344 3906 Steinhart.
1369 3857 1400 3904 de
1427 3855 1496 3904 Plat.
1516 3851 1615 3902 Phaod.
1643 3865 1668 3914 p.
1695 3841 1760 3897 itt.
1789 3841 1854 3898 426.
1883 3873 1919 3883 -
1948 3843 1971 3911 ⁵)
1998 3847 2079 3898 Arist.

446 3950 477 4000 dc
502 3963 543 3998 an.
570 3947 586 3996 1
611 3940 642 4008 4,
677 3943 769 3996 1-8.
821 3945 974 3996 Aristotelea
1004 3945 1106 3995 eosdem
1138 3943 1314 4008 Pythagoreos
1351 3945 1375 3994 in
1409 3941 1538 4001 Eudemo,
1570 3938 1613 4002 qui
1643 3937 1759 4000 dialogus
1792 3937 1937 4002 deperditus
1967 3943 2017 3997 cst,
2050 3949 2081 3984 ea

445 4039 543 4088 ratione
562 4037 726 4102 impugnasse
744 4037 843 4086 ridetur
862 4035 973 4097 dinmsa,
1001 4043 1030 4084 ut
1048 4035 1090 4085 vel
1108 4036 1142 4084 ad
1160 4035 1229 4098 vulgi
1254 4034 1386 4099 opiniones
1405 4037 1555 4098 argumenta
1580 4027 1731 4094 applicaret.
1770 4025 1848 4088 Quod
1868 4028 1969 4092 quidem
1988 4023 2079 4072 eoniiei

445 4129 505 4180 lieet
524 4143 556 4178 ex
575 4127 682 4176 Eudemi
702 4126 773 4188 loeo,
792 4139 867 4190 quern
886 4125 1042 4176 Plutarchus
1061 4125 1179 4187 exhibet,
1204 4124 1350 4190 praeclaro,
1376 4137 1427 4190 quo
1446 4121 1538 4172 mortui
1557 4119 1643 4170 dirius
1661 4119 1771 4182 quadam
1791 4125 1857 4168 sorte
1876 4114 1927 4164 lrui
1947 4120 1971 4162 et
1990 4111 2080 4162 felices

446 4219 563 4284 beatique
583 4231 639 4268 esse
659 4218 783 4267 dicuntur.
811 4213 881 4266 Pint.
901 4215 997 4266 consol.
1018 4214 1151 4279 adApoll.
1171 4229 1193 4264 c.
1214 4213 1260 4264 at.
1281 4213 1315 4262 ci.
1342 4211 1460 4262 Krische.
1480 4208 1666 4271 DieTheolog.
1680 4207 1781 4257 Lehren
1802 4205 1846 4254 der
1867 4202 2082 4266 grieeh.Denker

448 4325 473 4374 p.
497 4309 531 4360 15
553 4323 607 4373 sqq.
647 4307 806 4372 Quamquam
825 4305 863 4354 illi
883 4306 941 4355 loco
961 4321 993 4355 ue
1012 4306 1116 4355 nimium
1135 4305 1231 4354 tribuas
1250 4311 1335 4352 veram
1360 4299 1405 4350 alii
1430 4300 1479 4350 loci
1500 4297 1660 4358 Aristotelis,
1690 4297 1715 4344 in
1735 4292 1826 4358 quibus
1846 4292 1924 4340 buius
1942 4291 2009 4340 sitae
2029 4291 2081 4338 sive

448 4399 578 4449 maiorive
590 4397 794 4449 commodanibil
804 4411 885 4461 paene
895 4395 927 4445 ad
935 4403 1047 4445 mortuos
1058 4394 1183 4459 pertinere
1192 4391 1304 4444 affertur.
1325 4391 1386 4441 Eth.
1396 4389 1453 4439 Nic.
1465 4390 1479 4439 1
1492 4389 1524 4438 ll
1536 4387 1571 4436 ci.
1590 4385 1676 4436 'heller
1686 4383 1786 4434 Philas.
1797 4397 1882 4446 graec.
1894 4383 1922 4432 11
1933 4398 1958 4446 p.
1966 4374 2031 4431 498.
2045 4404 2078 4414 -

448 4480 473 4551 ⁶)
500 4489 541 4538 Dc
560 4505 601 4538 an.
622 4487 636 4538 1
656 4482 688 4550 4,
709 4485 741 4538 8:
762 4487 788 4536 εί
807 4482 890 4542 δ’ίςίν
909 4479 1000 4552 lupos
1019 4484 1033 4548 ἡ
1054 4484 1189 4550 spumeis
1206 4482 1323 4552 μίξεως,
1343 4482 1369 4529 τί
1387 4475 1419 4541 δὴ
1440 4491 1505 4529 ποτε
1533 4471 1591 4545 ἅμα
1616 4477 1650 4541 aqi
1670 4473 1750 4540 repat
1770 4468 1843 4522 εἶναι
1864 4468 2015 4538 drorpsirur
2035 4471 2081 4520 κοί

448 4579 483 4644 aqi
502 4584 560 4634 τοῖς
580 4573 673 4634 ἄλλοις
691 4581 803 4646 μορίοις
821 4578 868 4628 τοῦ
887 4571 971 4642 {plom-
997 4575 1069 4645 προς
1087 4569 1119 4624 di
1138 4571 1241 4628 τούτοις
1260 4571 1339 4638 slrrsp
1356 4569 1394 4638 prr}
1415 4564 1510 4624 ἓκοςον
1528 4569 1582 4618 τῶν
1600 4567 1706 4634 μορίων
1727 4565 1816 4629 ψυχὴν
1834 4561 1901 4628 ἔχει,
1921 4559 1947 4609 εί
1964 4557 2002 4628 μή
2024 4559 2081 4616 ίςτν

450 4665 557 4740 ἦψοχιξ
578 4663 592 4717 d
613 4663 693 4733 λόγος
718 4671 762 4730 τῆς
787 4668 900 4735 μίξεως,
928 4669 953 4714 τί
978 4665 1035 4721 irco
1055 4659 1074 4713 d
1097 4664 1241 4731 φθείρεται
1266 4663 1309 4723 τῆς
1336 4661 1423 4726 ψυχῆς
1445 4651 1662 4717 ἀττοίειττοιίσηος
1688 4654 1745 4704 ride
1765 4649 2030 4715 Treudelenburgium
2055 4651 2082 4700 in

449 4765 583 4808 comment.
604 4759 637 4808 nd
656 4757 736 4808 Arist.
756 4759 788 4808 de
808 4773 849 4807 an.
870 4773 895 4824 p.
917 4756 982 4811 267.
1011 4777 1043 4792 -·
1073 4745 1097 4818 ⁷)
1118 4753 1175 4804 Hoc
1194 4752 1314 4818 mapioati
1335 4757 1393 4799 suut
1411 4756 1509 4798 somnes
1528 4751 1751 4804 wmmentatores,
1769 4753 1875 4806 quorum
1894 4740 1989 4790 iudicia
2008 4738 2082 4790 alleri

450 4847 662 4912 Treudelenburg
686 4849 704 4898 1.
724 4849 743 4900 l.
775 4873 811 4884 -
832 4837 857 4910 ⁸)
883 4849 924 4898 De
944 4863 985 4898 an.
1006 4845 1036 4897 11
1056 4843 1087 4906 2,
1111 4837 1160 4894 td:
1189 4841 1284 4900 dadano
1302 4839 1355 4910 peip
1374 4837 1388 4900 ἡ
1409 4837 1558 4903 ἐντελέχεια
1578 4834 1609 4886 ir
1628 4829 1663 4901 api
1683 4827 1800 4899 δυνάμει
1821 4828 1973 4898 ὑπάρχοντι
1989 4831 2034 4880 arni
2053 4832 2082 4898 spi

452 4940 538 5004 otxatp
559 4933 606 5008 etp
625 4939 747 5005 πέφυκεν
760 4937 920 5006 ἐγγίνεσθαι
926 4955 936 5000 ‚·
955 4937 1005 4986 rid.
1025 4933 1243 4997 Trendelenbnrg.
1263 4933 1289 4982 in
1309 4941 1398 4980 comm.
1425 4928 1482 4987 „Its
1494 4939 1545 4976 uon
1557 4925 1712 4975 oxtmusecua
1732 4918 1854 4990 δύναμιν
1872 4929 1898 4971 ιι
1917 4919 2082 4986 ἐντελέχειαν

448 5029 585 5094 componit,
606 5027 650 5077 aad
669 5043 746 5080 unam
765 5041 822 5078 curn
842 5027 923 5078 altera
942 5039 974 5077 ex
993 5026 1082 5076 eodem
1101 5024 1213 5088 germine
1232 5019 1378 5087 provocat.“
