4780 5634
679 703 681 711 ·
735 670 846 737 uicere
866 686 961 750 porro
981 669 1088 741 mulos
1109 671 1221 744 ordirer
1241 691 1309 738 rem
1328 675 1581 756 concrepuere,

736 781 796 847 Sed
817 799 873 863 per
894 799 948 848 coe
970 782 1101 849 animum
1122 793 1156 850 ut
1177 783 1292 850 loribus
1313 795 1452 866 spectare
1472 786 1617 865 reclusis,

737 891 928 974 Deciperest,
949 902 1058 966 contra
1079 912 1147 960 cum
1168 913 1277 964 seusus
1299 895 1381 966 diret
1398 915 1516 962 eorum.

347 1006 489 1070 Caussam
511 1021 566 1067 cur
588 1003 687 1068 Strato
709 1003 754 1066 sic
783 1006 922 1070 statuerit
950 1004 1041 1071 orto
1062 1005 1298 1090 Ptuoroms1).
1341 1007 1416 1072 Cura
1434 994 1597 1076 Pluuano
1619 1017 1651 1074 el
1671 1026 1739 1074 cnm
1760 1009 1845 1073 Sexti
1866 1007 2009 1090 Empirici
2036 1011 2100 1092 illo,

347 1136 436 1200 quern
449 1115 543 1192 attuli,
564 1115 633 1180 loco
656 1115 743 1198 plene
757 1117 909 1181 consentit
922 1116 1008 1182 locus
1023 1117 1179 1182 Ciceronis
1193 1120 1224 1182 in
1238 1119 1334 1200 primo
1356 1119 1587 1200 disputationum
1605 1119 1841 1184 Tusculanarum
1853 1117 1932 1184 libro
1949 1120 1993 1204 ²),
2009 1143 2098 1205 quem

344 1229 446 1294 locum
460 1227 510 1292 hic
525 1227 758 1295 exscribendum
773 1237 859 1310 puto,
878 1246 938 1310 quo
953 1245 1041 1309 quem
1056 1228 1185 1292 celebris
1200 1227 1292 1296 luerit
1306 1231 1356 1297 illa
1370 1232 1517 1297 sententia
1531 1241 1749 1315 cognoscatur:
1766 1230 1852 1310 „llos
1866 1233 1945 1298 enim
1960 1251 1999 1296 ne
2014 1253 2096 1298 nune

346 1339 466 1422 quidem
488 1336 584 1402 oculs
605 1337 758 1402 cernimus
780 1357 827 1418 ca,
849 1356 925 1420 quae
946 1339 1090 1402 videmus.
1135 1339 1241 1420 Neque
1263 1349 1311 1404 est
1333 1344 1414 1406 euim
1435 1342 1514 1406 ullus
1536 1360 1643 1406 sensus
1665 1344 1695 1406 in
1718 1360 1862 1425 corpore;
1885 1342 1939 1409 sed
1957 1341 2014 1428 (ot
2035 1363 2097 1410 nou

345 1451 461 1534 physici
483 1448 580 1513 solum
601 1449 728 1530 docent,
750 1468 857 1513 rernm
879 1451 967 1514 etiam
989 1450 1108 1528 medici,
1129 1451 1180 1530 qui
1202 1449 1257 1514 iste
1278 1462 1380 1532 aperta
1401 1462 1431 1516 et
1453 1453 1599 1533 perelecta
1621 1451 1785 1534 viderunt)
1807 1453 1875 1514 vioe
1897 1454 1981 1534 quasi
2003 1471 2096 1534 quae·

346 1561 413 1626 dem
435 1568 505 1626 sunt
526 1560 564 1624 ad
585 1561 708 1640 oculos,
738 1559 774 1622 ad
796 1577 903 1639 aures,
933 1561 970 1623 ad
992 1579 1081 1624 nares
1104 1579 1122 1626 a
1142 1561 1215 1624 sede
1237 1563 1325 1627 animi
1347 1561 1525 1644 perforatae.
1570 1564 1672 1644 ltaque
1702 1581 1792 1645 saepe
1821 1573 1872 1628 aut
1902 1563 2094 1646 cogitatione,

345 1681 396 1737 aot
417 1672 514 1753 aliqua
536 1672 567 1734 vi
590 1671 687 1734 morbi
708 1670 843 1752 impediti
864 1673 975 1752 apertis
996 1681 1085 1753 atque
1106 1672 1235 1757 integris
1256 1685 1288 1739 et
1308 1675 1404 1740 oculis
1427 1684 1458 1740 et
1479 1676 1601 1741 curibus
1623 1695 1680 1740 nec
1699 1675 1847 1754 ridemus,
1869 1693 1927 1738 nec
1949 1675 2096 1756 audimus,

323 1793 379 1878 ‘ut
398 1781 486 1848 facile
506 1782 634 1866 intelligi
655 1783 765 1864 possit,
800 1782 928 1846 animum
950 1792 981 1850 et
1003 1785 1107 1848 ridere
1129 1795 1160 1848 et
1182 1785 1302 1864 audire,
1335 1759 1397 1849 non
1418 1805 1470 1850 eas
1490 1796 1608 1866 partes,
1641 1804 1719 1868 queo
1747 1785 1832 1866 quusi
1846 1784 2013 1880 ,fenestrae
2034 1788 2094 1852 sint

344 1895 449 1971 animi3
474 1894 583 1975 quibus
604 1904 704 1958 tamen
726 1894 832 1959 sentiri
854 1894 927 1958 nihil
948 1905 1039 1974 queat
1060 1913 1154 1974 mens,
1179 1895 1236 1960 nisi
1256 1895 1287 1958 id
1309 1903 1380 1978 egat
1402 1907 1432 1961 ct
1455 1895 1563 1961 adsit.“

473 2003 2091 2090 Jarnutintelligalur,quidillisententiaeopponatdiscipulosllpicuri,tenendumest,exipsiusopinione

345 2117 417 2180 nihil
438 2135 563 2196 eorum,
584 2133 660 2197 quae
682 2115 872 2179 extrinsecus
894 2116 932 2179 ad
954 2133 1066 2198 corpus
1088 2116 1245 2194 accedant,
1275 2126 1344 2180 ente
1364 2119 1478 2198 percipi
1499 2136 1590 2200 posse
1612 2127 1642 2182 et
1663 2120 1784 2198 sentiri,
1807 2137 1894 2200 quam
1917 2121 2091 2183 tenuissima

285 2255 287 2258 ·
344 2229 375 2290 in
397 2244 527 2308 corpore
549 2226 663 2289 animae
683 2225 732 2288 vel
755 2227 862 2290 mentis
883 2228 997 2290 semina
1019 2229 1079 2292 sint
1100 2213 1326 2303 excitatn'ooa
1347 2229 1466 2310 quidem
1481 2231 1519 2292 de
1540 2247 1646 2294 caussa
1668 2230 1861 2311 reprehendit
1879 2231 2094 2312 Democritum,

345 2340 395 2402 cui
417 2338 525 2402 mentis
548 2346 685 2402 naturam
706 2335 787 2399 illam
809 2336 996 2402 subtiliorem
1017 2349 1050 2404 et
1075 2339 1194 2419 penitus
1215 2340 1244 2402 in
1267 2357 1398 2421 corpore
1424 2340 1565 2406 latentem
1588 2351 1705 2406 constat
1726 2341 1819 2406 luisse
1847 2344 2031 2428 incognitam
2049 2343 2093 2426 ³).

344 2450 408 2515 Neo
432 2451 530 2514 minor
546 2449 651 2530 probat
673 2447 745 2512 illud
768 2449 927 2527 Stratonis,
950 2449 1021 2512 nihil
1043 2450 1155 2530 percipi
1177 2467 1276 2531 posse,
1299 2451 1356 2514 nisi
1371 2449 1485 2513 animos
1500 2451 1616 2516 adrem
1631 2452 1777 2516 obiectum
1800 2453 1876 2518 adsit
1897 2451 2091 2536 intentule:

733 2567 763 2622 et
785 2567 884 2622 tomen
906 2560 937 2620 in
961 2561 1051 2622 rebus
1073 2579 1192 2642 quoquc
1215 2561 1324 2642 apertis
1348 2578 1477 2624 noscere
1499 2563 1615 2641 possis,

734 2668 760 2732 si
782 2687 842 2732 non
865 2669 1005 2734 advertas
1028 2671 1174 2751 animum,
1191 2671 1322 2753 'proinde
1345 2641 1414 2736 esse
1436 2674 1520 2753 quasi
1542 2673 1623 2735 omni

733 2789 868 2862 tempore
891 2792 1042 2846 semotum
1063 2782 1153 2846 luerit
1174 2783 1324 2866 longeque
1345 2793 1504 2849 remotum.

344 2892 404 2960 Sed
427 2913 488 2958 non
509 2891 620 2974 probet
641 2889 704 2955 sola
726 2893 835 2955 mentis
857 2893 887 2954 ri
908 2895 1134 2976 perceptionem
1156 2893 1234 2957 effici
1256 2904 1308 2958 aut
1329 2913 1450 2958 sensum
1472 2896 1503 2956 in
1525 2896 1670 2960 interiore
1686 2899 1793 2962 mentis
1809 2896 1882 2962 sede
1897 2897 1980 2980 quesi
2002 2896 2093 2958 6ιιοιιι

344 3024 413 3072 esse
441 3015 473 3072 et
503 3003 628 3068 retineri
644 3000 687 3084 ⁵).
732 3001 806 3066 Nam
828 3003 908 3083 quod
930 3006 1104 3086 saepissime
1133 3005 1236 3083 effert,
1271 3023 1354 3069 mens
1377 3015 1406 3070 et
1436 3007 1532 3068 anima
1554 3025 1631 3087 „per
1652 3027 1744 3070 venas
1776 3018 1807 3071 et
1828 3009 1947 3070 viscera
1969 3004 2094 3081 mixtim,

349 3139 405 3202 per
426 3135 539 3182 nervos
561 3123 650 3195 atquc
672 3132 740 3178 ossa
763 3123 903 3180 tenentur
925 3135 1055 3197 corpore
1078 3119 1114 3180 ob
1132 3118 1291 3200 -omni“⁶J.
1321 3117 1421 3180 Placet
1443 3117 1535 3200 igitur
1556 3116 1697 3182 Lucretio
1719 3137 1754 3180 re
1768 3117 1957 3180 extrinsecus
1980 3114 2097 3178 obiecta

348 3231 478 3294 animum
499 3228 596 3310 primo
619 3225 746 3290 excitari
767 3235 797 3290 et
817 3225 950 3302 intendi;
979 3228 1033 3292 sed
1054 3222 1170 3292 moveri
1191 3229 1270 3291 illico
1294 3228 1420 3290 animam
1436 3226 1470 3312 ⁷)
1499 3237 1530 3291 et
1552 3229 1655 3309 perfici
1677 3245 1799 3292 sensum
1821 3227 1852 3288 in
1875 3227 1941 3308 ipso
1964 3243 2094 3306 corpore

347 3351 379 3406 et
399 3359 437 3404 eo
458 3339 579 3422 quidem
599 3337 687 3415 loco,
716 3337 767 3417 qui
788 3336 885 3418 primo
907 3340 1097 3402 extrinsecus
1119 3346 1201 3401 tactu
1222 3339 1262 3402 sit
1284 3337 1419 3404 allectus.
1464 3337 1616 3402 Eiusmodi
1637 3338 1797 3402 discrimen
1819 3337 1898 3400 inter
1919 3336 2042 3420 Epicuri
2065 3345 2096 3400 et
2209 3375 2214 3378 -

345 3451 493 3518 Stratonis
522 3448 701 3514 sententiam
723 3447 860 3513 extitisse
892 3457 1019 3513 testatur
1041 3449 1217 3514 Plutarchus
1238 3449 1269 3511 in
1291 3450 1366 3529 plac.
1390 3450 1459 3530 phil.
1483 3449 1522 3512 lv
1545 3449 1601 3512 23:
1643 3445 1840 3530 Ἐπύιοορος,
1870 3445 1926 3508 καὶ
1947 3447 1986 3508 τὰ
2005 3443 2093 3526 πάθη

345 3559 403 3626 ιιαί
424 3560 480 3636 τὰς
504 3555 668 3641 αἰσθήσεις
690 3557 723 3620 ἐν
744 3566 813 3632 τοῖς
834 3557 1007 3622 πεπονθόσι
1028 3557 1147 3634 τόποις·
1170 3559 1206 3622 τό
1229 3560 1288 3642 γὰρ
1313 3555 1492 3642 ἡγεμονικόν
1515 3557 1645 3632 ἀπαθές.
1671 3555 1840 3642 Στράτιον,
1865 3553 1979 3620 καὶτὰ
2003 3553 2093 3636 πάθη

343 3671 400 3756 τῆς
423 3671 527 3754 ψυχῆς
551 3667 607 3732 καί
627 3669 684 3741 τὰς
707 3667 875 3750 αἰσθήσεις
897 3668 931 3732 ἐν
952 3670 996 3754 aql
1018 3663 1205 3755 ἡγεμονικῷ,
1229 3665 1284 3732 οὐκ
1307 3669 1339 3732 ἑν
1362 3677 1428 3743 τοῖς
1449 3667 1625 3730 πεπονθόσι
1646 3667 1770 3749 τόποις,
1794 3665 2068 3752 corroserunt).

473 3783 588 3860 Quibus
611 3781 739 3846 delinitis
760 3781 820 3844 iam
841 3781 879 3844 de
900 3783 968 3847 loco
991 3781 1054 3864 (lll
1077 3779 1262 3864 ese-tc),
1298 3782 1378 3844 unde
1400 3779 1531 3862 digressi
1553 3769 1682 3860 sumus,
1695 3779 1867 3845 difficillimo
1899 3782 2011 3844 certine
2033 3798 2093 3860 po·
2170 3767 2174 3778 '

343 3898 416 3962 terit
436 3895 573 3960 iudicari.
617 3893 776 3958 Lucretius
797 3893 929 3956 Stratoni
951 3893 1092 3974 opponit,
1126 3893 1152 3956 si
1181 3909 1232 3956 res
1261 3901 1386 3956 externa
1409 3888 1646 3974 (simulacrum)
1676 3893 1809 3975 tetigerit
1832 3892 1970 3971 oculum,
2002 3890 2092 3953 enimi
2128 3939 2132 3948 .

273 4067 274 4072 ,
344 4009 458 4074 semina
481 4005 558 4070 trahi
580 4013 611 4068 et
633 4003 670 4067 ad
691 4005 787 4085 ipsam
808 4004 904 4066 aciem
926 4003 1062 4083 detrudi,
1083 4023 1143 4084 quo
1166 4021 1233 4082 res,
1256 4002 1351 4084 qualis
1374 4003 1428 4079 sit,
1449 4010 1609 4065 cernatur:

730 4133 839 4182 sensus
861 4115 941 4178 enim
962 4115 1052 4179 tralrit
1074 4122 1164 4194 atquc
1184 4112 1418 4195 acieedetrndit
1438 4113 1476 4177 ad
1496 4113 1576 4194 ipses
1592 4111 1645 4195 ⁹);

345 4267 594 4286 --θ

464 4353 721 4419 ι)1)οιο1οιι.αιιίιιι.
733 4349 750 4402 3
764 4347 802 4416 (p.
817 4344 883 4413 141)
895 4349 929 4400 ci.
940 4349 1091 4400 Neuwerck.
1102 4351 1133 4400 de
1143 4349 1260 4400 Strutone
1268 4348 1453 4416 Lampsaceno.
1465 4367 1490 4414 p.
1507 4345 1549 4400 14.
1568 4375 1604 4386 —
1621 4347 1645 4413 2)
1662 4351 1676 4400 1
1688 4349 1732 4414 20,
1743 4343 1788 4400 do.
1804 4372 1840 4385 -·
1865 4345 1889 4412 ³)
1909 4345 1969 4396 Vid.
1980 4361 2057 4410 cupre
2066 4362 2093 4412 p.

464 4445 508 4498 19.
529 4467 565 4480 ·-
585 4436 610 4508 ¹⁸)
630 4443 735 4494 Locren
753 4440 793 4491 1v
814 4439 956 4494 805-13.
969 4465 1005 4476 -—
1024 4436 1047 4502 ⁵)
1068 4439 1131 4489 Alia
1150 4446 1188 4488 est
1207 4440 1272 4490 ratio
1291 4442 1454 4506 percipiendi,
1475 4442 1496 4489 si
1515 4439 1663 4490 tenuissima
1683 4439 1819 4488 simulacre
1838 4452 1883 4504 per
1903 4451 1961 4486 rara
1980 4436 2094 4501 corporis

459 4533 587 4588 ferumine
607 4533 639 4584 utl
658 4531 771 4582 animum
789 4532 875 4596 ipsum
893 4537 1025 4594 permeant
1044 4537 1069 4578 ct
1087 4531 1115 4580 in
1133 4529 1183 4578 hoo
1203 4530 1258 4580 solo
1278 4545 1379 4580 sensum
1395 4527 1531 4582 ledossunt.
1562 4531 1602 4581 IV
1624 4528 1678 4582 720
1701 4545 1754 4596 sqq.
1776 4553 1813 4563 -—
1833 4517 1856 4592 ό)
1876 4526 1919 4577 ΠΙ
1940 4518 2004 4576 564.
2026 4525 2091 4576 632.

462 4623 527 4678 681.
549 4621 614 4675 685.
641 4645 677 4656 -
705 4619 730 4684 ⁷)
755 4619 800 4672 111
820 4614 962 4672 tio-52.
984 4617 1125 4672 269-73.
1154 4645 1189 4656 -
1216 4609 1240 4684 8)
1267 4619 1417 4670 Neuwerck.
1439 4621 1457 4670 l.
1478 4621 1497 4671 l.
1517 4636 1543 4685 p.
1568 4620 1612 4672 15.
1643 4645 1675 4656 -
1703 4609 1727 4684 9)
1754 4617 1828 4668 Hunc
1847 4629 1948 4665 versum
1974 4611 2055 4677 (362)
2077 4629 2092 4663 e

446 4714 626 4767 ·Lechroaano
650 4717 710 4778 poet
728 4726 752 4762 ιι.
780 4708 836 4764 363
862 4710 972 4776 positum
996 4717 1021 4759 et
1045 4711 1142 4760 ratione
1166 4709 1271 4760 nimium
1296 4712 1411 4776 quaesite
1437 4711 1591 4775 explicetum
1609 4709 1765 4772 Berneyeins
1794 4711 1822 4754 ut
1841 4706 1954 4770 spurium
1989 4705 2095 4760 notarit.

462 4803 601 4856 Gocbeliue
627 4801 686 4858 1.1.
713 4817 740 4868 p.
766 4799 803 4852 33
830 4802 973 4867 superiores
999 4802 1146 4866 interpretes
1173 4799 1321 4850 Turnebum
1347 4807 1371 4850 et
1397 4800 1592 4852 Wakefieldium
1619 4806 1719 4847 secutus
1744 4809 1845 4845 versum
1878 4805 1945 4846 recte
1971 4794 2091 4846 defendit.

461 4893 622 4946 Wakefieldii
641 4892 815 4958 interpretatio
833 4892 899 4942 heco
918 4899 969 4940 cet:
1011 4889 1139 4954 ,Senens,
1159 4907 1233 4954 quem
1252 4891 1348 4942 hebent
1367 4889 1433 4940 oculi
1453 4889 1528 4938 rebus
1549 4879 1657 4938 cateruis
1677 4886 1800 4950 percussi,
1819 4893 1907 4938 crocet
1926 4886 2037 4936 animum
2056 4883 2088 4933 ed

462 4997 550 5034 eorum
568 4982 643 5046 ecies,
663 4981 700 5032 ita
717 4987 746 5031 ut
764 4981 914 5032 consociatis
934 4981 1011 5032 enimi
1029 4989 1055 5031 et
1073 4981 1141 5031 oculi
1160 4982 1326 5045 potestatibus
1344 4979 1445 5029 ridendi
1462 4975 1573 5028 leonitas
1594 4971 1748 5028 exorietur.“
