<?xml version="1.0" encoding="UTF-8"?>
<!DOCTYPE html PUBLIC "-//W3C//DTD XHTML 1.0 Transitional//EN"
    "http://www.w3.org/TR/xhtml1/DTD/xhtml1-transitional.dtd">
<html xmlns="http://www.w3.org/1999/xhtml" xml:lang="en" lang="en">
 <head>
  <title>
</title>
<meta http-equiv="Content-Type" content="text/html;charset=utf-8" />
  <meta name='ocr-system' content='tesseract 3.04.00' />
  <meta name='ocr-capabilities' content='ocr_page ocr_carea ocr_par ocr_line ocrx_word'/>
</head>
<body>
  <div class='ocr_page' id='page_1' title='image "./epicurideanimor00reisgoog_0027.png"; bbox 0 0 4780 5634; ppageno 0'>
   <div class='ocr_carea' id='block_1_1' title="bbox 1113 465 1327 530">
    <p class='ocr_par' dir='ltr' id='par_1_1' title="bbox 1113 465 1327 530">
     <span class='ocr_line' id='line_1_1' title="bbox 1113 465 1327 530; baseline 0 -14"><span class='ocrx_word' id='word_1_1' title='bbox 1113 465 1327 530; x_wconf 61' lang='grc' dir='ltr'><strong><em>...κ-</em></strong></span> 
     </span>
    </p>
   </div>
   <div class='ocr_carea' id='block_1_2' title="bbox 668 663 1502 1060">
    <p class='ocr_par' dir='ltr' id='par_1_2' title="bbox 675 663 1482 845">
     <span class='ocr_line' id='line_1_2' title="bbox 675 663 1482 744; baseline 0 -16"><span class='ocrx_word' id='word_1_2' title='bbox 675 710 678 718; x_wconf 85' lang='grc'><em>.</em></span> <span class='ocrx_word' id='word_1_3' title='bbox 732 665 816 731; x_wconf 83' lang='lat' dir='ltr'><strong>ieter</strong></span> <span class='ocrx_word' id='word_1_4' title='bbox 831 663 915 728; x_wconf 86' lang='lat' dir='ltr'><strong>enim</strong></span> <span class='ocrx_word' id='word_1_5' title='bbox 937 663 1247 743; x_wconf 59' lang='lat' dir='ltr'><strong>comumnes&amp;</strong></span> <span class='ocrx_word' id='word_1_6' title='bbox 1266 663 1482 744; x_wconf 67' lang='lat' dir='ltr'><strong>perminorem</strong></span> 
     </span>
     <span class='ocr_line' id='line_1_3' title="bbox 737 765 1441 845; baseline 0.001 -15"><span class='ocrx_word' id='word_1_7' title='bbox 737 765 867 842; x_wconf 84' lang='lat' dir='ltr'><strong>metibrrs</strong></span> <span class='ocrx_word' id='word_1_8' title='bbox 887 767 967 836; x_wconf 79' lang='lat' dir='ltr'><strong>iuter</strong></span> <span class='ocrx_word' id='word_1_9' title='bbox 989 785 1034 845; x_wconf 80' lang='lat' dir='ltr'><strong>se,</strong></span> <span class='ocrx_word' id='word_1_10' title='bbox 1055 765 1100 832; x_wconf 91' lang='lat' dir='ltr'><strong>nit</strong></span> <span class='ocrx_word' id='word_1_11' title='bbox 1119 773 1152 834; x_wconf 88' lang='lat' dir='ltr'><strong>ut</strong></span> <span class='ocrx_word' id='word_1_12' title='bbox 1174 767 1327 832; x_wconf 65' lang='lat' dir='ltr'><strong>warnier</strong></span> <span class='ocrx_word' id='word_1_13' title='bbox 1349 783 1441 831; x_wconf 83' lang='lat' dir='ltr'><strong>auem</strong></span> 
     </span>
    </p>

    <p class='ocr_par' dir='ltr' id='par_1_3' title="bbox 668 859 1502 1060">
     <span class='ocr_line' id='line_1_4' title="bbox 668 859 1393 950; baseline -0.006 -14"><span class='ocrx_word' id='word_1_14' title='bbox 668 859 671 866; x_wconf 79' lang='grc'>’</span> <span class='ocrx_word' id='word_1_15' title='bbox 734 869 828 950; x_wconf 85' lang='lat' dir='ltr'><strong>pessit</strong></span> <span class='ocrx_word' id='word_1_16' title='bbox 849 885 906 935; x_wconf 83' lang='lat' dir='ltr'><strong>rrae</strong></span> <span class='ocrx_word' id='word_1_17' title='bbox 928 869 1024 950; x_wconf 76' lang='lat' dir='ltr'><strong>spatio</strong></span> <span class='ocrx_word' id='word_1_18' title='bbox 1044 868 1113 941; x_wconf 87' lang='lat' dir='ltr'><strong>llari</strong></span> <span class='ocrx_word' id='word_1_19' title='bbox 1130 869 1229 943; x_wconf 72' lang='lat' dir='ltr'><strong>divim</strong></span> <span class='ocrx_word' id='word_1_20' title='bbox 1248 878 1393 950; x_wconf 64' lang='lat' dir='ltr'><strong>potestas</strong></span> 
     </span>
     <span class='ocr_line' id='line_1_5' title="bbox 737 971 1502 1060; baseline -0.004 -26"><span class='ocrx_word' id='word_1_21' title='bbox 737 972 791 1036; x_wconf 90' lang='lat' dir='ltr'><strong>sed</strong></span> <span class='ocrx_word' id='word_1_22' title='bbox 813 972 898 1054; x_wconf 82' lang='lat' dir='ltr'><strong>quasi</strong></span> <span class='ocrx_word' id='word_1_23' title='bbox 920 973 1030 1060; x_wconf 82' lang='lat' dir='ltr'><strong>multae</strong></span> <span class='ocrx_word' id='word_1_24' title='bbox 1052 971 1098 1037; x_wconf 91' lang='lat' dir='ltr'><strong>vis</strong></span> <span class='ocrx_word' id='word_1_25' title='bbox 1120 971 1211 1041; x_wconf 85' lang='lat' dir='ltr'><strong>unius</strong></span> <span class='ocrx_word' id='word_1_26' title='bbox 1230 973 1369 1058; x_wconf 78' lang='lat' dir='ltr'><strong>corperis</strong></span> <span class='ocrx_word' id='word_1_27' title='bbox 1390 979 1502 1035; x_wconf 77' lang='lat' dir='ltr'><strong>exunt.</strong></span> 
     </span>
    </p>
   </div>
   <div class='ocr_carea' id='block_1_3' title="bbox 348 1081 2101 1394">
    <p class='ocr_par' dir='ltr' id='par_1_4' title="bbox 348 1081 2101 1394">
     <span class='ocr_line' id='line_1_6' title="bbox 476 1081 2101 1172; baseline 0.003 -26"><span class='ocrx_word' id='word_1_28' title='bbox 476 1083 672 1172; x_wconf 28' lang='lat' dir='ltr'><strong>llacc‘ipitur</strong></span> <span class='ocrx_word' id='word_1_29' title='bbox 693 1083 769 1149; x_wconf 89' lang='lat' dir='ltr'><strong>ratio</strong></span> <span class='ocrx_word' id='word_1_30' title='bbox 792 1081 878 1162; x_wconf 89' lang='lat' dir='ltr'><strong>plane</strong></span> <span class='ocrx_word' id='word_1_31' title='bbox 907 1100 1043 1171; x_wconf 75' lang='lat' dir='ltr'><strong>congrua</strong></span> <span class='ocrx_word' id='word_1_32' title='bbox 1064 1091 1111 1147; x_wconf 89' lang='lat' dir='ltr'><strong>est</strong></span> <span class='ocrx_word' id='word_1_33' title='bbox 1138 1082 1209 1147; x_wconf 81' lang='lat' dir='ltr'>libri</span> <span class='ocrx_word' id='word_1_34' title='bbox 1228 1084 1356 1148; x_wconf 88' lang='lat' dir='ltr'><strong>secandi</strong></span> <span class='ocrx_word' id='word_1_35' title='bbox 1385 1082 1428 1151; x_wconf 91' lang='lat' dir='ltr'><strong>illi</strong></span> <span class='ocrx_word' id='word_1_36' title='bbox 1456 1083 1525 1148; x_wconf 89' lang='lat' dir='ltr'><strong>loco</strong></span> <span class='ocrx_word' id='word_1_37' title='bbox 1548 1081 1598 1166; x_wconf 84' lang='lat'><strong>¹),</strong></span> <span class='ocrx_word' id='word_1_38' title='bbox 1627 1101 1687 1164; x_wconf 88' lang='lat' dir='ltr'><strong>quo</strong></span> <span class='ocrx_word' id='word_1_39' title='bbox 1707 1083 1867 1152; x_wconf 83' lang='lat' dir='ltr'><strong>Lucretius</strong></span> <span class='ocrx_word' id='word_1_40' title='bbox 1895 1103 2019 1151; x_wconf 90' lang='lat' dir='ltr'><strong>sensum</strong></span> <span class='ocrx_word' id='word_1_41' title='bbox 2046 1105 2101 1167; x_wconf 89' lang='lat' dir='ltr'><strong>per</strong></span> 
     </span>
     <span class='ocr_line' id='line_1_7' title="bbox 348 1191 2101 1275; baseline 0.002 -19"><span class='ocrx_word' id='word_1_42' title='bbox 348 1193 469 1260; x_wconf 87' lang='lat' dir='ltr'><strong>diversa</strong></span> <span class='ocrx_word' id='word_1_43' title='bbox 491 1195 629 1275; x_wconf 81' lang='lat' dir='ltr'><strong>corporis</strong></span> <span class='ocrx_word' id='word_1_44' title='bbox 652 1194 785 1261; x_wconf 87' lang='lat' dir='ltr'><strong>membra</strong></span> <span class='ocrx_word' id='word_1_45' title='bbox 815 1191 956 1257; x_wconf 84' lang='lat' dir='ltr'><strong>diliusum</strong></span> <span class='ocrx_word' id='word_1_46' title='bbox 979 1211 1097 1269; x_wconf 86' lang='lat' dir='ltr'><strong>omnem</strong></span> <span class='ocrx_word' id='word_1_47' title='bbox 1126 1194 1162 1256; x_wconf 86' lang='lat' dir='ltr'><strong>ad</strong></span> <span class='ocrx_word' id='word_1_48' title='bbox 1191 1193 1321 1261; x_wconf 83' lang='lat' dir='ltr'><strong>foederis</strong></span> <span class='ocrx_word' id='word_1_49' title='bbox 1350 1203 1380 1257; x_wconf 88' lang='lat' dir='ltr'><strong>et</strong></span> <span class='ocrx_word' id='word_1_50' title='bbox 1408 1195 1636 1263; x_wconf 69' lang='lat' dir='ltr'><strong>convenientiae</strong></span> <span class='ocrx_word' id='word_1_51' title='bbox 1657 1195 1717 1261; x_wconf 88' lang='lat' dir='ltr'><strong>vim</strong></span> <span class='ocrx_word' id='word_1_52' title='bbox 1746 1207 1880 1263; x_wconf 86' lang='lat' dir='ltr'><strong>revocat.</strong></span> <span class='ocrx_word' id='word_1_53' title='bbox 1924 1197 2018 1271; x_wconf 88' lang='lat' dir='ltr'><strong>Quam</strong></span> <span class='ocrx_word' id='word_1_54' title='bbox 2040 1199 2101 1260; x_wconf 87' lang='lat' dir='ltr'><strong>vim</strong></span> 
     </span>
     <span class='ocr_line' id='line_1_8' title="bbox 348 1303 1708 1394; baseline 0 -25"><span class='ocrx_word' id='word_1_55' title='bbox 348 1307 437 1369; x_wconf 90' lang='lat' dir='ltr'><strong>etiarn</strong></span> <span class='ocrx_word' id='word_1_56' title='bbox 460 1303 570 1370; x_wconf 88' lang='lat' dir='ltr'><strong>clarius</strong></span> <span class='ocrx_word' id='word_1_57' title='bbox 592 1307 702 1370; x_wconf 91' lang='lat' dir='ltr'><strong>indicat</strong></span> <span class='ocrx_word' id='word_1_58' title='bbox 724 1305 768 1368; x_wconf 92' lang='lat' dir='ltr'><strong>eis</strong></span> <span class='ocrx_word' id='word_1_59' title='bbox 790 1305 941 1382; x_wconf 89' lang='lat' dir='ltr'><strong>versibus,</strong></span> <span class='ocrx_word' id='word_1_60' title='bbox 964 1306 1069 1384; x_wconf 91' lang='lat' dir='ltr'><strong>quibus</strong></span> <span class='ocrx_word' id='word_1_61' title='bbox 1089 1306 1206 1374; x_wconf 40' lang='lat' dir='ltr'><strong>,animae</strong></span> <span class='ocrx_word' id='word_1_62' title='bbox 1227 1305 1472 1388; x_wconf 74' lang='lat' dir='ltr'><strong>compositionem</strong></span> <span class='ocrx_word' id='word_1_63' title='bbox 1496 1305 1638 1372; x_wconf 75' lang='lat' dir='ltr'><strong>describit</strong></span> <span class='ocrx_word' id='word_1_64' title='bbox 1656 1303 1708 1394; x_wconf 86' lang='lat'><strong>²):</strong></span> 
     </span>
    </p>
   </div>
   <div class='ocr_carea' id='block_1_4' title="bbox 738 1415 1606 2010">
    <p class='ocr_par' dir='ltr' id='par_1_5' title="bbox 739 1415 1458 1483">
     <span class='ocr_line' id='line_1_9' title="bbox 739 1415 1458 1483; baseline 0.006 -7"><span class='ocrx_word' id='word_1_65' title='bbox 739 1415 886 1483; x_wconf 84' lang='lat' dir='ltr'><strong>consimili</strong></span> <span class='ocrx_word' id='word_1_66' title='bbox 908 1417 1024 1481; x_wconf 88' lang='lat' dir='ltr'><strong>ratione</strong></span> <span class='ocrx_word' id='word_1_67' title='bbox 1046 1427 1201 1481; x_wconf 79' lang='lat' dir='ltr'><strong>necessest</strong></span> <span class='ocrx_word' id='word_1_68' title='bbox 1223 1423 1332 1480; x_wconf 89' lang='lat' dir='ltr'><strong>ventus</strong></span> <span class='ocrx_word' id='word_1_69' title='bbox 1355 1426 1385 1481; x_wconf 89' lang='lat' dir='ltr'><strong>et</strong></span> <span class='ocrx_word' id='word_1_70' title='bbox 1406 1423 1458 1480; x_wconf 77' lang='lat' dir='ltr'><strong>aer</strong></span> 
     </span>
    </p>

    <p class='ocr_par' dir='ltr' id='par_1_6' title="bbox 738 1518 1551 1704">
     <span class='ocr_line' id='line_1_10' title="bbox 738 1518 1551 1602; baseline 0.005 -22"><span class='ocrx_word' id='word_1_71' title='bbox 738 1528 769 1583; x_wconf 92' lang='lat' dir='ltr'><strong>et</strong></span> <span class='ocrx_word' id='word_1_72' title='bbox 791 1518 873 1581; x_wconf 93' lang='lat' dir='ltr'><strong>calor</strong></span> <span class='ocrx_word' id='word_1_73' title='bbox 894 1519 973 1581; x_wconf 88' lang='lat' dir='ltr'><strong>inter</strong></span> <span class='ocrx_word' id='word_1_74' title='bbox 996 1537 1030 1580; x_wconf 88' lang='lat' dir='ltr'><strong>se</strong></span> <span class='ocrx_word' id='word_1_75' title='bbox 1052 1520 1174 1602; x_wconf 80' lang='lat' dir='ltr'><strong>vigeant</strong></span> <span class='ocrx_word' id='word_1_76' title='bbox 1196 1519 1355 1581; x_wconf 86' lang='lat' dir='ltr'><strong>commixta</strong></span> <span class='ocrx_word' id='word_1_77' title='bbox 1378 1537 1432 1599; x_wconf 92' lang='lat' dir='ltr'><strong>per</strong></span> <span class='ocrx_word' id='word_1_78' title='bbox 1455 1529 1551 1596; x_wconf 88' lang='lat' dir='ltr'><strong>artus,</strong></span> 
     </span>
     <span class='ocr_line' id='line_1_11' title="bbox 739 1621 1475 1704; baseline 0.003 -22"><span class='ocrx_word' id='word_1_79' title='bbox 739 1629 828 1702; x_wconf 90' lang='lat' dir='ltr'><strong>atque</strong></span> <span class='ocrx_word' id='word_1_80' title='bbox 851 1621 915 1683; x_wconf 91' lang='lat' dir='ltr'><strong>aliis</strong></span> <span class='ocrx_word' id='word_1_81' title='bbox 938 1621 1015 1683; x_wconf 91' lang='lat' dir='ltr'><strong>aliud</strong></span> <span class='ocrx_word' id='word_1_82' title='bbox 1039 1622 1134 1684; x_wconf 83' lang='lat' dir='ltr'><strong>subsit</strong></span> <span class='ocrx_word' id='word_1_83' title='bbox 1158 1622 1251 1704; x_wconf 83' lang='lat' dir='ltr'><strong>magis</strong></span> <span class='ocrx_word' id='word_1_84' title='bbox 1273 1623 1475 1703; x_wconf 84' lang='lat' dir='ltr'><strong>eminentque,</strong></span> 
     </span>
    </p>

    <p class='ocr_par' dir='ltr' id='par_1_7' title="bbox 740 1723 1525 1803">
     <span class='ocr_line' id='line_1_12' title="bbox 740 1723 1525 1803; baseline 0.001 -19"><span class='ocrx_word' id='word_1_85' title='bbox 740 1734 774 1786; x_wconf 90' lang='lat' dir='ltr'><strong>at</strong></span> <span class='ocrx_word' id='word_1_86' title='bbox 796 1724 933 1803; x_wconf 83' lang='lat' dir='ltr'><strong>quiddam</strong></span> <span class='ocrx_word' id='word_1_87' title='bbox 955 1725 1020 1786; x_wconf 87' lang='lat' dir='ltr'><strong>beri</strong></span> <span class='ocrx_word' id='word_1_88' title='bbox 1043 1723 1179 1786; x_wconf 88' lang='lat' dir='ltr'><strong>videatur</strong></span> <span class='ocrx_word' id='word_1_89' title='bbox 1202 1723 1236 1784; x_wconf 89' lang='lat' dir='ltr'><strong>ab</strong></span> <span class='ocrx_word' id='word_1_90' title='bbox 1260 1725 1396 1787; x_wconf 85' lang='lat' dir='ltr'><strong>carnibus</strong></span> <span class='ocrx_word' id='word_1_91' title='bbox 1418 1743 1525 1801; x_wconf 88' lang='lat' dir='ltr'><strong>unum,</strong></span> 
     </span>
    </p>

    <p class='ocr_par' dir='ltr' id='par_1_8' title="bbox 739 1827 1606 2010">
     <span class='ocr_line' id='line_1_13' title="bbox 741 1827 1606 1907; baseline 0 -21"><span class='ocrx_word' id='word_1_92' title='bbox 741 1843 779 1887; x_wconf 90' lang='lat' dir='ltr'><strong>ne</strong></span> <span class='ocrx_word' id='word_1_93' title='bbox 803 1827 885 1907; x_wconf 77' lang='lat' dir='ltr'><strong>calor·</strong></span> <span class='ocrx_word' id='word_1_94' title='bbox 907 1845 941 1888; x_wconf 92' lang='lat' dir='ltr'><strong>ac</strong></span> <span class='ocrx_word' id='word_1_95' title='bbox 964 1833 1071 1890; x_wconf 90' lang='lat' dir='ltr'><strong>vontus</strong></span> <span class='ocrx_word' id='word_1_96' title='bbox 1094 1843 1231 1890; x_wconf 88' lang='lat' dir='ltr'><strong>seorsum</strong></span> <span class='ocrx_word' id='word_1_97' title='bbox 1255 1845 1452 1907; x_wconf 87' lang='lat' dir='ltr'><strong>seorsumque</strong></span> <span class='ocrx_word' id='word_1_98' title='bbox 1475 1831 1606 1905; x_wconf 89' lang='lat' dir='ltr'><strong>potestas</strong></span> 
     </span>
     <span class='ocr_line' id='line_1_14' title="bbox 739 1927 1509 2010; baseline -0.003 -20"><span class='ocrx_word' id='word_1_99' title='bbox 739 1927 817 1990; x_wconf 80' lang='lat' dir='ltr'><strong>aeris</strong></span> <span class='ocrx_word' id='word_1_100' title='bbox 839 1931 1018 1992; x_wconf 89' lang='lat' dir='ltr'><strong>interemant</strong></span> <span class='ocrx_word' id='word_1_101' title='bbox 1040 1946 1161 1992; x_wconf 90' lang='lat' dir='ltr'><strong>sensum</strong></span> <span class='ocrx_word' id='word_1_102' title='bbox 1183 1928 1362 2010; x_wconf 80' lang='lat' dir='ltr'><strong>diductaque</strong></span> <span class='ocrx_word' id='word_1_103' title='bbox 1384 1930 1509 1992; x_wconf 92' lang='lat' dir='ltr'><strong>solvant.</strong></span> 
     </span>
    </p>
   </div>
   <div class='ocr_carea' id='block_1_5' title="bbox 307 2035 2105 3124">
    <p class='ocr_par' dir='ltr' id='par_1_9' title="bbox 352 2035 1922 2121">
     <span class='ocr_line' id='line_1_15' title="bbox 352 2035 1922 2121; baseline -0.001 -21"><span class='ocrx_word' id='word_1_104' title='bbox 352 2041 436 2115; x_wconf 77' lang='lat' dir='ltr'><strong>Quae</strong></span> <span class='ocrx_word' id='word_1_105' title='bbox 458 2039 682 2120; x_wconf 89' lang='lat' dir='ltr'><strong>compositionis</strong></span> <span class='ocrx_word' id='word_1_106' title='bbox 703 2039 780 2102; x_wconf 89' lang='lat' dir='ltr'><strong>ratio</strong></span> <span class='ocrx_word' id='word_1_107' title='bbox 803 2039 872 2102; x_wconf 90' lang='lat' dir='ltr'><strong>nihil</strong></span> <span class='ocrx_word' id='word_1_108' title='bbox 895 2037 993 2102; x_wconf 83' lang='lat' dir='ltr'><strong>diiiert</strong></span> <span class='ocrx_word' id='word_1_109' title='bbox 1016 2039 1053 2100; x_wconf 91' lang='lat' dir='ltr'><strong>ab</strong></span> <span class='ocrx_word' id='word_1_110' title='bbox 1074 2039 1132 2115; x_wconf 88' lang='lat' dir='ltr'><strong>illa,</strong></span> <span class='ocrx_word' id='word_1_111' title='bbox 1155 2059 1213 2120; x_wconf 91' lang='lat' dir='ltr'><strong>qua</strong></span> <span class='ocrx_word' id='word_1_112' title='bbox 1234 2049 1353 2102; x_wconf 89' lang='lat' dir='ltr'><strong>ceterae</strong></span> <span class='ocrx_word' id='word_1_113' title='bbox 1375 2059 1425 2102; x_wconf 88' lang='lat' dir='ltr'><strong>res</strong></span> <span class='ocrx_word' id='word_1_114' title='bbox 1448 2047 1572 2101; x_wconf 88' lang='lat' dir='ltr'><strong>naturae</strong></span> <span class='ocrx_word' id='word_1_115' title='bbox 1594 2055 1697 2099; x_wconf 89' lang='lat' dir='ltr'><strong>omnes</strong></span> <span class='ocrx_word' id='word_1_116' title='bbox 1721 2045 1861 2099; x_wconf 90' lang='lat' dir='ltr'><strong>tenentur</strong></span> <span class='ocrx_word' id='word_1_117' title='bbox 1878 2035 1922 2121; x_wconf 76' lang='lat'><strong>³).</strong></span> 
     </span>
    </p>

    <p class='ocr_par' dir='ltr' id='par_1_10' title="bbox 307 2149 2105 3124">
     <span class='ocr_line' id='line_1_16' title="bbox 481 2149 2103 2230; baseline 0 -18"><span class='ocrx_word' id='word_1_118' title='bbox 481 2149 736 2225; x_wconf 77' lang='lat' dir='ltr'><strong>Quemadmodum</strong></span> <span class='ocrx_word' id='word_1_119' title='bbox 760 2161 857 2214; x_wconf 87' lang='lat' dir='ltr'><strong>antem</strong></span> <span class='ocrx_word' id='word_1_120' title='bbox 881 2153 976 2213; x_wconf 89' lang='lat' dir='ltr'><strong>anima</strong></span> <span class='ocrx_word' id='word_1_121' title='bbox 999 2168 1067 2213; x_wconf 90' lang='lat' dir='ltr'><strong>cum</strong></span> <span class='ocrx_word' id='word_1_122' title='bbox 1089 2161 1205 2229; x_wconf 85' lang='lat' dir='ltr'><strong>mente,</strong></span> <span class='ocrx_word' id='word_1_123' title='bbox 1235 2153 1274 2212; x_wconf 89' lang='lat' dir='ltr'><strong>ite</strong></span> <span class='ocrx_word' id='word_1_124' title='bbox 1302 2159 1429 2230; x_wconf 89' lang='lat' dir='ltr'><strong>utraque</strong></span> <span class='ocrx_word' id='word_1_125' title='bbox 1457 2167 1525 2229; x_wconf 90' lang='lat' dir='ltr'><strong>pars</strong></span> <span class='ocrx_word' id='word_1_126' title='bbox 1549 2151 1706 2210; x_wconf 89' lang='lat' dir='ltr'><strong>coniuncta</strong></span> <span class='ocrx_word' id='word_1_127' title='bbox 1735 2156 1780 2211; x_wconf 90' lang='lat' dir='ltr'><strong>est</strong></span> <span class='ocrx_word' id='word_1_128' title='bbox 1802 2166 1870 2210; x_wconf 91' lang='lat' dir='ltr'><strong>curn</strong></span> <span class='ocrx_word' id='word_1_129' title='bbox 1893 2164 2039 2228; x_wconf 91' lang='lat' dir='ltr'><strong>corpore,</strong></span> <span class='ocrx_word' id='word_1_130' title='bbox 2069 2158 2103 2212; x_wconf 92' lang='lat' dir='ltr'><strong>ut</strong></span> 
     </span>
     <span class='ocr_line' id='line_1_17' title="bbox 352 2259 2103 2342; baseline -0.003 -17"><span class='ocrx_word' id='word_1_131' title='bbox 352 2263 479 2326; x_wconf 89' lang='lat' dir='ltr'><strong>beminis</strong></span> <span class='ocrx_word' id='word_1_132' title='bbox 501 2271 608 2326; x_wconf 89' lang='lat' dir='ltr'><strong>natura</strong></span> <span class='ocrx_word' id='word_1_133' title='bbox 630 2263 756 2327; x_wconf 89' lang='lat' dir='ltr'><strong>exsistat</strong></span> <span class='ocrx_word' id='word_1_134' title='bbox 777 2281 885 2325; x_wconf 81' lang='lat' dir='ltr'><strong>revera</strong></span> <span class='ocrx_word' id='word_1_135' title='bbox 908 2279 975 2342; x_wconf 90' lang='lat' dir='ltr'><strong>una,</strong></span> <span class='ocrx_word' id='word_1_136' title='bbox 999 2264 1085 2324; x_wconf 91' lang='lat' dir='ltr'><strong>caius</strong></span> <span class='ocrx_word' id='word_1_137' title='bbox 1108 2271 1207 2342; x_wconf 87' lang='lat' dir='ltr'><strong>partes</strong></span> <span class='ocrx_word' id='word_1_138' title='bbox 1222 2263 1410 2342; x_wconf 88' lang='lat' dir='ltr'><strong>quantumvis</strong></span> <span class='ocrx_word' id='word_1_139' title='bbox 1426 2269 1575 2340; x_wconf 81' lang='lat' dir='ltr'><strong>potestate</strong></span> <span class='ocrx_word' id='word_1_140' title='bbox 1597 2261 1675 2322; x_wconf 91' lang='lat' dir='ltr'><strong>inter</strong></span> <span class='ocrx_word' id='word_1_141' title='bbox 1698 2277 1731 2322; x_wconf 89' lang='lat' dir='ltr'><strong>se</strong></span> <span class='ocrx_word' id='word_1_142' title='bbox 1747 2261 1896 2338; x_wconf 89' lang='lat' dir='ltr'><strong>diversae,</strong></span> <span class='ocrx_word' id='word_1_143' title='bbox 1918 2269 2015 2323; x_wconf 89' lang='lat' dir='ltr'><strong>tamen</strong></span> <span class='ocrx_word' id='word_1_144' title='bbox 2038 2259 2103 2322; x_wconf 89' lang='lat' dir='ltr'><strong>sine</strong></span> 
     </span>
     <span class='ocr_line' id='line_1_18' title="bbox 352 2369 2104 2454; baseline -0.003 -18"><span class='ocrx_word' id='word_1_145' title='bbox 352 2373 443 2437; x_wconf 89' lang='lat' dir='ltr'><strong>totius</strong></span> <span class='ocrx_word' id='word_1_146' title='bbox 465 2383 589 2437; x_wconf 88' lang='lat' dir='ltr'><strong>naturae</strong></span> <span class='ocrx_word' id='word_1_147' title='bbox 616 2374 749 2453; x_wconf 88' lang='lat' dir='ltr'><strong>pernicie</strong></span> <span class='ocrx_word' id='word_1_148' title='bbox 771 2371 871 2435; x_wconf 92' lang='lat' dir='ltr'><strong>divelli</strong></span> <span class='ocrx_word' id='word_1_149' title='bbox 895 2391 954 2436; x_wconf 94' lang='lat' dir='ltr'><strong>non</strong></span> <span class='ocrx_word' id='word_1_150' title='bbox 977 2383 1110 2454; x_wconf 90' lang='lat' dir='ltr'><strong>possunt.</strong></span> <span class='ocrx_word' id='word_1_151' title='bbox 1155 2371 1267 2452; x_wconf 90' lang='lat' dir='ltr'><strong>ltaque,</strong></span> <span class='ocrx_word' id='word_1_152' title='bbox 1301 2391 1386 2451; x_wconf 90' lang='lat' dir='ltr'><strong>qaam</strong></span> <span class='ocrx_word' id='word_1_153' title='bbox 1410 2371 1589 2433; x_wconf 81' lang='lat' dir='ltr'><strong>Aristoteles</strong></span> <span class='ocrx_word' id='word_1_154' title='bbox 1618 2371 1648 2433; x_wconf 90' lang='lat' dir='ltr'><strong>in</strong></span> <span class='ocrx_word' id='word_1_155' title='bbox 1671 2371 1928 2454; x_wconf 80' lang='lat' dir='ltr'><strong>Pythagoreorum</strong></span> <span class='ocrx_word' id='word_1_156' title='bbox 1950 2369 2104 2432; x_wconf 88' lang='lat' dir='ltr'><strong>harmonia</strong></span> 
     </span>
     <span class='ocr_line' id='line_1_19' title="bbox 307 2482 2104 2566; baseline -0.002 -19"><span class='ocrx_word' id='word_1_157' title='bbox 307 2509 329 2526; x_wconf 76' lang='lat'>=</span> <span class='ocrx_word' id='word_1_158' title='bbox 353 2483 516 2548; x_wconf 78' lang='lat' dir='ltr'><strong>refellenda</strong></span> <span class='ocrx_word' id='word_1_159' title='bbox 539 2483 668 2566; x_wconf 90' lang='lat' dir='ltr'><strong>relinqui</strong></span> <span class='ocrx_word' id='word_1_160' title='bbox 691 2486 806 2548; x_wconf 90' lang='lat' dir='ltr'><strong>viderat</strong></span> <span class='ocrx_word' id='word_1_161' title='bbox 827 2485 1044 2564; x_wconf 87' lang='lat' dir='ltr'><strong>quaestionem,</strong></span> <span class='ocrx_word' id='word_1_162' title='bbox 1065 2503 1121 2545; x_wconf 90' lang='lat' dir='ltr'><strong>cur</strong></span> <span class='ocrx_word' id='word_1_163' title='bbox 1143 2501 1272 2566; x_wconf 88' lang='lat' dir='ltr'><strong>corpore</strong></span> <span class='ocrx_word' id='word_1_164' title='bbox 1293 2490 1436 2562; x_wconf 88' lang='lat' dir='ltr'><strong>corrupto</strong></span> <span class='ocrx_word' id='word_1_165' title='bbox 1459 2483 1555 2544; x_wconf 89' lang='lat' dir='ltr'><strong>anima</strong></span> <span class='ocrx_word' id='word_1_166' title='bbox 1579 2493 1783 2558; x_wconf 83' lang='lat' dir='ltr'><strong>evanesceret,</strong></span> <span class='ocrx_word' id='word_1_167' title='bbox 1806 2483 1855 2544; x_wconf 88' lang='lat' dir='ltr'><strong>illa</strong></span> <span class='ocrx_word' id='word_1_168' title='bbox 1870 2491 1967 2545; x_wconf 89' lang='lat' dir='ltr'><strong>autern</strong></span> <span class='ocrx_word' id='word_1_169' title='bbox 1990 2482 2104 2547; x_wconf 89' lang='lat' dir='ltr'><strong>sublata</strong></span> 
     </span>
     <span class='ocr_line' id='line_1_20' title="bbox 353 2589 2104 2676; baseline -0.002 -18"><span class='ocrx_word' id='word_1_170' title='bbox 353 2613 464 2676; x_wconf 90' lang='lat' dir='ltr'><strong>corpus</strong></span> <span class='ocrx_word' id='word_1_171' title='bbox 495 2605 701 2676; x_wconf 84' lang='lat' dir='ltr'><strong>putresceret,</strong></span> <span class='ocrx_word' id='word_1_172' title='bbox 730 2595 853 2660; x_wconf 88' lang='lat' dir='ltr'><strong>eandem</strong></span> <span class='ocrx_word' id='word_1_173' title='bbox 876 2593 1024 2674; x_wconf 88' lang='lat' dir='ltr'><strong>Epicurus</strong></span> <span class='ocrx_word' id='word_1_174' title='bbox 1053 2595 1136 2676; x_wconf 86' lang='lat' dir='ltr'><strong>quasi</strong></span> <span class='ocrx_word' id='word_1_175' title='bbox 1164 2593 1366 2674; x_wconf 84' lang='lat' dir='ltr'><strong>principalem</strong></span> <span class='ocrx_word' id='word_1_176' title='bbox 1385 2595 1533 2657; x_wconf 83' lang='lat' dir='ltr'><strong>tractavit.</strong></span> <span class='ocrx_word' id='word_1_177' title='bbox 1578 2591 1661 2656; x_wconf 87' lang='lat' dir='ltr'><strong>illam</strong></span> <span class='ocrx_word' id='word_1_178' title='bbox 1684 2611 1753 2656; x_wconf 88' lang='lat' dir='ltr'><strong>cunr</strong></span> <span class='ocrx_word' id='word_1_179' title='bbox 1775 2594 1955 2657; x_wconf 80' lang='lat' dir='ltr'><strong>Aristoteles</strong></span> <span class='ocrx_word' id='word_1_180' title='bbox 1977 2595 2017 2656; x_wconf 91' lang='lat' dir='ltr'><strong>ita</strong></span> <span class='ocrx_word' id='word_1_181' title='bbox 2039 2589 2104 2658; x_wconf 91' lang='lat' dir='ltr'><strong>sel-</strong></span> 
     </span>
     <span class='ocr_line' id='line_1_21' title="bbox 353 2705 2104 2788; baseline -0.001 -20"><span class='ocrx_word' id='word_1_182' title='bbox 353 2707 465 2785; x_wconf 77' lang='lat' dir='ltr'><strong>visset,</strong></span> <span class='ocrx_word' id='word_1_183' title='bbox 493 2715 525 2769; x_wconf 92' lang='lat' dir='ltr'><strong>ut</strong></span> <span class='ocrx_word' id='word_1_184' title='bbox 549 2708 674 2769; x_wconf 89' lang='lat' dir='ltr'><strong>animam</strong></span> <span class='ocrx_word' id='word_1_185' title='bbox 704 2725 770 2770; x_wconf 92' lang='lat' dir='ltr'><strong>cum</strong></span> <span class='ocrx_word' id='word_1_186' title='bbox 793 2725 921 2787; x_wconf 90' lang='lat' dir='ltr'><strong>corpore</strong></span> <span class='ocrx_word' id='word_1_187' title='bbox 943 2707 1108 2770; x_wconf 89' lang='lat' dir='ltr'><strong>cohaerere</strong></span> <span class='ocrx_word' id='word_1_188' title='bbox 1128 2705 1276 2769; x_wconf 83' lang='lat' dir='ltr'><strong>artissime</strong></span> <span class='ocrx_word' id='word_1_189' title='bbox 1298 2723 1354 2768; x_wconf 90' lang='lat' dir='ltr'><strong>neo</strong></span> <span class='ocrx_word' id='word_1_190' title='bbox 1377 2724 1506 2786; x_wconf 89' lang='lat' dir='ltr'><strong>unquam</strong></span> <span class='ocrx_word' id='word_1_191' title='bbox 1529 2707 1688 2788; x_wconf 83' lang='lat' dir='ltr'><strong>segregari</strong></span> <span class='ocrx_word' id='word_1_192' title='bbox 1710 2705 1745 2767; x_wconf 90' lang='lat' dir='ltr'><strong>ab</strong></span> <span class='ocrx_word' id='word_1_193' title='bbox 1773 2724 1810 2768; x_wconf 93' lang='lat' dir='ltr'><strong>eo</strong></span> <span class='ocrx_word' id='word_1_194' title='bbox 1840 2721 1946 2786; x_wconf 88' lang='lat' dir='ltr'><strong>posse,</strong></span> <span class='ocrx_word' id='word_1_195' title='bbox 1976 2714 2104 2768; x_wconf 89' lang='lat' dir='ltr'><strong>mentem</strong></span> 
     </span>
     <span class='ocr_line' id='line_1_22' title="bbox 355 2817 2105 2908; baseline 0 -30"><span class='ocrx_word' id='word_1_196' title='bbox 355 2835 430 2880; x_wconf 90' lang='lat' dir='ltr'><strong>vero</strong></span> <span class='ocrx_word' id='word_1_197' title='bbox 458 2835 563 2896; x_wconf 89' lang='lat' dir='ltr'><strong>puram</strong></span> <span class='ocrx_word' id='word_1_198' title='bbox 593 2819 781 2880; x_wconf 81' lang='lat' dir='ltr'><strong>extrinsecus</strong></span> <span class='ocrx_word' id='word_1_199' title='bbox 809 2817 926 2900; x_wconf 81' lang='lat' dir='ltr'><strong>ingredi</strong></span> <span class='ocrx_word' id='word_1_200' title='bbox 956 2819 986 2880; x_wconf 91' lang='lat' dir='ltr'><strong>in</strong></span> <span class='ocrx_word' id='word_1_201' title='bbox 1015 2833 1126 2895; x_wconf 86' lang='lat' dir='ltr'><strong>corpus</strong></span> <span class='ocrx_word' id='word_1_202' title='bbox 1147 2826 1177 2880; x_wconf 89' lang='lat' dir='ltr'><strong>et</strong></span> <span class='ocrx_word' id='word_1_203' title='bbox 1205 2827 1301 2879; x_wconf 89' lang='lat' dir='ltr'><strong>morte</strong></span> <span class='ocrx_word' id='word_1_204' title='bbox 1331 2817 1487 2880; x_wconf 88' lang='lat' dir='ltr'><strong>discedere</strong></span> <span class='ocrx_word' id='word_1_205' title='bbox 1516 2817 1552 2878; x_wconf 93' lang='lat' dir='ltr'><strong>ab</strong></span> <span class='ocrx_word' id='word_1_206' title='bbox 1582 2836 1618 2879; x_wconf 91' lang='lat' dir='ltr'><strong>ee</strong></span> <span class='ocrx_word' id='word_1_207' title='bbox 1639 2817 1808 2908; x_wconf 83' lang='lat' dir='ltr'><strong>incolumen</strong></span> <span class='ocrx_word' id='word_1_208' title='bbox 1834 2825 1997 2894; x_wconf 89' lang='lat' dir='ltr'><strong>statueret,</strong></span> <span class='ocrx_word' id='word_1_209' title='bbox 2030 2817 2105 2896; x_wconf 86' lang='lat' dir='ltr'><strong>Epi-</strong></span> 
     </span>
     <span class='ocr_line' id='line_1_23' title="bbox 355 2927 2105 3018; baseline -0.002 -28"><span class='ocrx_word' id='word_1_210' title='bbox 355 2945 447 2992; x_wconf 86' lang='lat' dir='ltr'><strong>curus</strong></span> <span class='ocrx_word' id='word_1_211' title='bbox 470 2939 598 2992; x_wconf 89' lang='lat' dir='ltr'><strong>mentem</strong></span> <span class='ocrx_word' id='word_1_212' title='bbox 621 2930 715 3009; x_wconf 88' lang='lat' dir='ltr'><strong>ipsam</strong></span> <span class='ocrx_word' id='word_1_213' title='bbox 737 2929 843 2992; x_wconf 90' lang='lat' dir='ltr'><strong>eodem</strong></span> <span class='ocrx_word' id='word_1_214' title='bbox 865 2931 950 3009; x_wconf 89' lang='lat' dir='ltr'><strong>quasi</strong></span> <span class='ocrx_word' id='word_1_215' title='bbox 972 2929 1031 2991; x_wconf 87' lang='lat' dir='ltr'><strong>lato</strong></span> <span class='ocrx_word' id='word_1_216' title='bbox 1055 2947 1122 2989; x_wconf 89' lang='lat' dir='ltr'><strong>cum</strong></span> <span class='ocrx_word' id='word_1_217' title='bbox 1145 2929 1240 2990; x_wconf 88' lang='lat' dir='ltr'><strong>anima</strong></span> <span class='ocrx_word' id='word_1_218' title='bbox 1263 2937 1351 3009; x_wconf 88' lang='lat' dir='ltr'><strong>atquc</strong></span> <span class='ocrx_word' id='word_1_219' title='bbox 1374 2947 1502 3006; x_wconf 86' lang='lat' dir='ltr'><strong>corpore</strong></span> <span class='ocrx_word' id='word_1_220' title='bbox 1521 2929 1707 3018; x_wconf 82' lang='lat' dir='ltr'><strong>consociavit</strong></span> <span class='ocrx_word' id='word_1_221' title='bbox 1729 2939 1760 2992; x_wconf 95' lang='lat' dir='ltr'><strong>et</strong></span> <span class='ocrx_word' id='word_1_222' title='bbox 1781 2947 1839 2991; x_wconf 89' lang='lat' dir='ltr'><strong>una</strong></span> <span class='ocrx_word' id='word_1_223' title='bbox 1855 2946 1923 2990; x_wconf 87' lang='lat' dir='ltr'><strong>cunr</strong></span> <span class='ocrx_word' id='word_1_224' title='bbox 1945 2927 2001 2990; x_wconf 88' lang='lat' dir='ltr'><strong>iilis</strong></span> <span class='ocrx_word' id='word_1_225' title='bbox 2024 2927 2105 2988; x_wconf 91' lang='lat' dir='ltr'><strong>nasci</strong></span> 
     </span>
     <span class='ocr_line' id='line_1_24' title="bbox 354 3038 1770 3124; baseline -0.002 -21"><span class='ocrx_word' id='word_1_226' title='bbox 354 3049 385 3104; x_wconf 90' lang='lat' dir='ltr'><strong>et</strong></span> <span class='ocrx_word' id='word_1_227' title='bbox 407 3040 533 3103; x_wconf 87' lang='lat' dir='ltr'><strong>interire</strong></span> <span class='ocrx_word' id='word_1_228' title='bbox 555 3041 690 3104; x_wconf 90' lang='lat' dir='ltr'><strong>decrevit</strong></span> <span class='ocrx_word' id='word_1_229' title='bbox 705 3038 751 3124; x_wconf 63' lang='lat' dir='ltr'><strong>i).</strong></span> <span class='ocrx_word' id='word_1_230' title='bbox 795 3041 840 3104; x_wconf 83' lang='lat' dir='ltr'><strong>Ex</strong></span> <span class='ocrx_word' id='word_1_231' title='bbox 862 3040 1040 3104; x_wconf 88' lang='lat' dir='ltr'><strong>Lucretiana</strong></span> <span class='ocrx_word' id='word_1_232' title='bbox 1062 3039 1262 3118; x_wconf 90' lang='lat' dir='ltr'><strong>disputatione</strong></span> <span class='ocrx_word' id='word_1_233' title='bbox 1284 3039 1338 3101; x_wconf 91' lang='lat' dir='ltr'><strong>bos</strong></span> <span class='ocrx_word' id='word_1_234' title='bbox 1361 3057 1473 3118; x_wconf 81' lang='lat' dir='ltr'><strong>praeces</strong></span> <span class='ocrx_word' id='word_1_235' title='bbox 1497 3057 1604 3102; x_wconf 87' lang='lat' dir='ltr'><strong>versus</strong></span> <span class='ocrx_word' id='word_1_236' title='bbox 1627 3040 1770 3104; x_wconf 86' lang='lat' dir='ltr'><strong>exhibeo:</strong></span> 
     </span>
    </p>
   </div>
   <div class='ocr_carea' id='block_1_6' title="bbox 744 3151 1552 3539">
    <p class='ocr_par' dir='ltr' id='par_1_11' title="bbox 744 3151 1552 3539">
     <span class='ocr_line' id='line_1_25' title="bbox 746 3151 1496 3230; baseline -0.007 -14"><span class='ocrx_word' id='word_1_237' title='bbox 746 3153 791 3216; x_wconf 86' lang='lat' dir='ltr'><strong>Ex</strong></span> <span class='ocrx_word' id='word_1_238' title='bbox 814 3151 936 3215; x_wconf 91' lang='lat' dir='ltr'><strong>ineunte</strong></span> <span class='ocrx_word' id='word_1_239' title='bbox 958 3169 1033 3213; x_wconf 85' lang='lat' dir='ltr'><strong>aevo</strong></span> <span class='ocrx_word' id='word_1_240' title='bbox 1055 3153 1099 3212; x_wconf 89' lang='lat' dir='ltr'><strong>sic</strong></span> <span class='ocrx_word' id='word_1_241' title='bbox 1122 3151 1259 3229; x_wconf 91' lang='lat' dir='ltr'><strong>corporis</strong></span> <span class='ocrx_word' id='word_1_242' title='bbox 1280 3159 1368 3230; x_wconf 90' lang='lat' dir='ltr'><strong>alque</strong></span> <span class='ocrx_word' id='word_1_243' title='bbox 1390 3151 1496 3212; x_wconf 90' lang='lat' dir='ltr'><strong>animai</strong></span> 
     </span>
     <span class='ocr_line' id='line_1_26' title="bbox 745 3251 1397 3334; baseline 0.003 -20"><span class='ocrx_word' id='word_1_244' title='bbox 745 3261 846 3314; x_wconf 90' lang='lat' dir='ltr'><strong>mutue</strong></span> <span class='ocrx_word' id='word_1_245' title='bbox 868 3251 966 3313; x_wconf 54' lang='lat' dir='ltr'><strong>scitatis</strong></span> <span class='ocrx_word' id='word_1_246' title='bbox 988 3251 1107 3312; x_wconf 89' lang='lat' dir='ltr'><strong>discant</strong></span> <span class='ocrx_word' id='word_1_247' title='bbox 1129 3253 1267 3334; x_wconf 81' lang='lat' dir='ltr'><strong>contagia</strong></span> <span class='ocrx_word' id='word_1_248' title='bbox 1289 3263 1397 3331; x_wconf 89' lang='lat' dir='ltr'><strong>motus,</strong></span> 
     </span>
     <span class='ocr_line' id='line_1_27' title="bbox 744 3353 1472 3436; baseline 0 -20"><span class='ocrx_word' id='word_1_249' title='bbox 744 3354 888 3417; x_wconf 88' lang='lat' dir='ltr'><strong>maternis</strong></span> <span class='ocrx_word' id='word_1_250' title='bbox 911 3355 999 3417; x_wconf 89' lang='lat' dir='ltr'><strong>etiarn</strong></span> <span class='ocrx_word' id='word_1_251' title='bbox 1023 3353 1163 3416; x_wconf 89' lang='lat' dir='ltr'><strong>membris</strong></span> <span class='ocrx_word' id='word_1_252' title='bbox 1186 3355 1314 3435; x_wconf 87' lang='lat' dir='ltr'><strong>alvoque</strong></span> <span class='ocrx_word' id='word_1_253' title='bbox 1335 3366 1472 3436; x_wconf 89' lang='lat' dir='ltr'><strong>reposta,</strong></span> 
     </span>
     <span class='ocr_line' id='line_1_28' title="bbox 744 3456 1552 3539; baseline -0.006 -20"><span class='ocrx_word' id='word_1_254' title='bbox 744 3456 899 3519; x_wconf 87' lang='lat' dir='ltr'><strong>discidium</strong></span> <span class='ocrx_word' id='word_1_255' title='bbox 922 3465 955 3518; x_wconf 93' lang='lat' dir='ltr'><strong>ut</strong></span> <span class='ocrx_word' id='word_1_256' title='bbox 977 3465 1104 3537; x_wconf 86' lang='lat' dir='ltr'><strong>nequeat</strong></span> <span class='ocrx_word' id='word_1_257' title='bbox 1126 3458 1191 3520; x_wconf 85' lang='lat' dir='ltr'><strong>irari</strong></span> <span class='ocrx_word' id='word_1_258' title='bbox 1213 3458 1278 3521; x_wconf 91' lang='lat' dir='ltr'><strong>sine</strong></span> <span class='ocrx_word' id='word_1_259' title='bbox 1301 3469 1384 3539; x_wconf 89' lang='lat' dir='ltr'><strong>peste</strong></span> <span class='ocrx_word' id='word_1_260' title='bbox 1407 3460 1552 3538; x_wconf 89' lang='lat' dir='ltr'><strong>maloque.</strong></span> 
     </span>
    </p>
   </div>
   <div class='ocr_carea' id='block_1_7' title="bbox 356 3563 2108 3762">
    <p class='ocr_par' dir='ltr' id='par_1_12' title="bbox 356 3563 2108 3762">
     <span class='ocr_line' id='line_1_29' title="bbox 356 3563 2107 3649; baseline -0.001 -21"><span class='ocrx_word' id='word_1_261' title='bbox 356 3567 502 3642; x_wconf 76' lang='lat' dir='ltr'><strong>Quoniam</strong></span> <span class='ocrx_word' id='word_1_262' title='bbox 514 3585 589 3631; x_wconf 91' lang='lat' dir='ltr'><strong>vere</strong></span> <span class='ocrx_word' id='word_1_263' title='bbox 603 3566 692 3630; x_wconf 88' lang='lat' dir='ltr'><strong>animi</strong></span> <span class='ocrx_word' id='word_1_264' title='bbox 707 3569 753 3630; x_wconf 93' lang='lat' dir='ltr'><strong>vis</strong></span> <span class='ocrx_word' id='word_1_265' title='bbox 765 3585 823 3630; x_wconf 92' lang='lat' dir='ltr'><strong>una</strong></span> <span class='ocrx_word' id='word_1_266' title='bbox 837 3585 904 3629; x_wconf 89' lang='lat' dir='ltr'><strong>cnm</strong></span> <span class='ocrx_word' id='word_1_267' title='bbox 918 3585 1048 3647; x_wconf 91' lang='lat' dir='ltr'><strong>corpore</strong></span> <span class='ocrx_word' id='word_1_268' title='bbox 1061 3571 1193 3632; x_wconf 90' lang='lat' dir='ltr'><strong>nascitur</strong></span> <span class='ocrx_word' id='word_1_269' title='bbox 1204 3577 1234 3633; x_wconf 91' lang='lat' dir='ltr'><strong>et</strong></span> <span class='ocrx_word' id='word_1_270' title='bbox 1248 3587 1399 3634; x_wconf 89' lang='lat' dir='ltr'><strong>consensu</strong></span> <span class='ocrx_word' id='word_1_271' title='bbox 1414 3569 1543 3649; x_wconf 88' lang='lat' dir='ltr'><strong>quodam</strong></span> <span class='ocrx_word' id='word_1_272' title='bbox 1555 3567 1683 3648; x_wconf 88' lang='lat' dir='ltr'><strong>partium</strong></span> <span class='ocrx_word' id='word_1_273' title='bbox 1697 3565 2002 3645; x_wconf 86' lang='lat' dir='ltr'><strong>convenientibusque</strong></span> <span class='ocrx_word' id='word_1_274' title='bbox 2016 3563 2107 3626; x_wconf 89' lang='lat' dir='ltr'><strong>rnoti-</strong></span> 
     </span>
     <span class='ocr_line' id='line_1_30' title="bbox 357 3673 2108 3762; baseline -0.003 -22"><span class='ocrx_word' id='word_1_275' title='bbox 357 3678 412 3742; x_wconf 90' lang='lat' dir='ltr'><strong>bus</strong></span> <span class='ocrx_word' id='word_1_276' title='bbox 434 3686 566 3758; x_wconf 90' lang='lat' dir='ltr'><strong>creatur,</strong></span> <span class='ocrx_word' id='word_1_277' title='bbox 588 3679 734 3759; x_wconf 91' lang='lat' dir='ltr'><strong>sequitur,</strong></span> <span class='ocrx_word' id='word_1_278' title='bbox 753 3685 787 3740; x_wconf 91' lang='lat' dir='ltr'><strong>ut</strong></span> <span class='ocrx_word' id='word_1_279' title='bbox 800 3695 908 3741; x_wconf 91' lang='lat' dir='ltr'><strong>sensus</strong></span> <span class='ocrx_word' id='word_1_280' title='bbox 926 3678 962 3740; x_wconf 93' lang='lat' dir='ltr'><strong>ad</strong></span> <span class='ocrx_word' id='word_1_281' title='bbox 982 3686 1074 3742; x_wconf 87' lang='lat' dir='ltr'><strong>totant</strong></span> <span class='ocrx_word' id='word_1_282' title='bbox 1093 3689 1227 3744; x_wconf 87' lang='lat' dir='ltr'><strong>naturam</strong></span> <span class='ocrx_word' id='word_1_283' title='bbox 1250 3681 1398 3762; x_wconf 89' lang='lat' dir='ltr'><strong>pertineat</strong></span> <span class='ocrx_word' id='word_1_284' title='bbox 1419 3681 1576 3760; x_wconf 87' lang='lat' dir='ltr'><strong>ipsamque</strong></span> <span class='ocrx_word' id='word_1_285' title='bbox 1591 3695 1702 3758; x_wconf 91' lang='lat' dir='ltr'><strong>corpus</strong></span> <span class='ocrx_word' id='word_1_286' title='bbox 1725 3694 1816 3741; x_wconf 90' lang='lat' dir='ltr'><strong>sensu</strong></span> <span class='ocrx_word' id='word_1_287' title='bbox 1837 3675 2004 3758; x_wconf 90' lang='lat' dir='ltr'><strong>praeditum</strong></span> <span class='ocrx_word' id='word_1_288' title='bbox 2017 3673 2108 3756; x_wconf 65' lang='lat' dir='ltr'><strong>sill).</strong></span> 
     </span>
    </p>
   </div>
   <div class='ocr_carea' id='block_1_8' title="bbox 357 3796 605 3806">
    <p class='ocr_par' dir='ltr' id='par_1_13' title="bbox 357 3796 605 3806">
     <span class='ocr_line' id='line_1_31' title="bbox 357 3796 605 3806; baseline 0 0"><span class='ocrx_word' id='word_1_289' title='bbox 357 3796 605 3806; x_wconf 56' lang='lat' dir='ltr'><strong>*m</strong></span> 
     </span>
    </p>
   </div>
   <div class='ocr_carea' id='block_1_9' title="bbox 473 3837 2110 5078">
    <p class='ocr_par' dir='ltr' id='par_1_14' title="bbox 473 3837 2110 5078">
     <span class='ocr_line' id='line_1_32' title="bbox 476 3837 2108 3910; baseline -0.002 -16"><span class='ocrx_word' id='word_1_290' title='bbox 476 3845 498 3909; x_wconf 90' lang='lat'><strong>¹)</strong></span> <span class='ocrx_word' id='word_1_291' title='bbox 519 3845 620 3894; x_wconf 84' lang='lat' dir='ltr'><strong>Lucret.</strong></span> <span class='ocrx_word' id='word_1_292' title='bbox 631 3845 668 3894; x_wconf 91' lang='lat'><strong>11.</strong></span> <span class='ocrx_word' id='word_1_293' title='bbox 677 3860 701 3894; x_wconf 89' lang='lat' dir='ltr'><strong>v.</strong></span> <span class='ocrx_word' id='word_1_294' title='bbox 713 3838 846 3894; x_wconf 76' lang='lat'><strong>902—24</strong></span> <span class='ocrx_word' id='word_1_295' title='bbox 860 3845 910 3894; x_wconf 83' lang='lat' dir='ltr'><strong>vid.</strong></span> <span class='ocrx_word' id='word_1_296' title='bbox 923 3859 1002 3908; x_wconf 88' lang='lat' dir='ltr'><strong>supra</strong></span> <span class='ocrx_word' id='word_1_297' title='bbox 1014 3861 1038 3910; x_wconf 85' lang='lat' dir='ltr'><strong>p.</strong></span> <span class='ocrx_word' id='word_1_298' title='bbox 1055 3845 1096 3895; x_wconf 78' lang='lat'><strong>17.</strong></span> <span class='ocrx_word' id='word_1_299' title='bbox 1110 3871 1147 3882; x_wconf 90' lang='lat'>-</span> <span class='ocrx_word' id='word_1_300' title='bbox 1160 3837 1182 3908; x_wconf 74' lang='lat'><strong>²)</strong></span> <span class='ocrx_word' id='word_1_301' title='bbox 1193 3847 1245 3897; x_wconf 91' lang='lat'>111.</span> <span class='ocrx_word' id='word_1_302' title='bbox 1264 3863 1287 3896; x_wconf 89' lang='lat' dir='ltr'><strong>v.</strong></span> <span class='ocrx_word' id='word_1_303' title='bbox 1301 3846 1443 3898; x_wconf 79' lang='lat' dir='ltr'><strong>usu-88.</strong></span> <span class='ocrx_word' id='word_1_304' title='bbox 1459 3873 1494 3883; x_wconf 90' lang='lat'><em>-</em></span> <span class='ocrx_word' id='word_1_305' title='bbox 1509 3845 1532 3910; x_wconf 75' lang='grc'><strong>3)</strong></span> <span class='ocrx_word' id='word_1_306' title='bbox 1553 3847 1567 3896; x_wconf 95' lang='grc' dir='ltr'><strong>Ι</strong></span> <span class='ocrx_word' id='word_1_307' title='bbox 1589 3843 1735 3908; x_wconf 77' lang='lat' dir='ltr'><strong>asu—6³3</strong></span> <span class='ocrx_word' id='word_1_308' title='bbox 1757 3843 1898 3896; x_wconf 75' lang='lat' dir='ltr'><strong>atat—82.</strong></span> <span class='ocrx_word' id='word_1_309' title='bbox 1919 3845 1968 3894; x_wconf 86' lang='lat' dir='ltr'><strong>vid.</strong></span> <span class='ocrx_word' id='word_1_310' title='bbox 1990 3858 2067 3908; x_wconf 86' lang='lat' dir='ltr'><strong>supra</strong></span> <span class='ocrx_word' id='word_1_311' title='bbox 2083 3857 2108 3906; x_wconf 86' lang='lat' dir='ltr'><strong>p.</strong></span> 
     </span>
     <span class='ocr_line' id='line_1_33' title="bbox 475 3927 2105 4002; baseline -0.002 -18"><span class='ocrx_word' id='word_1_312' title='bbox 475 3927 666 3995; x_wconf 74' lang='lat' dir='ltr'><strong>to-“ivm</strong></span> <span class='ocrx_word' id='word_1_313' title='bbox 688 3935 811 3998; x_wconf 77' lang='lat' dir='ltr'><strong>Diogenis</strong></span> <span class='ocrx_word' id='word_1_314' title='bbox 831 3934 914 3985; x_wconf 88' lang='lat' dir='ltr'><strong>locum</strong></span> <span class='ocrx_word' id='word_1_315' title='bbox 934 3933 972 3996; x_wconf 82' lang='lat' dir='ltr'><strong>(X</strong></span> <span class='ocrx_word' id='word_1_316' title='bbox 993 3931 1040 3996; x_wconf 79' lang='lat'><strong>65)</strong></span> <span class='ocrx_word' id='word_1_317' title='bbox 1061 3951 1135 3999; x_wconf 90' lang='lat' dir='ltr'><strong>quem</strong></span> <span class='ocrx_word' id='word_1_318' title='bbox 1157 3953 1233 4001; x_wconf 83' lang='lat' dir='ltr'><strong>supra</strong></span> <span class='ocrx_word' id='word_1_319' title='bbox 1253 3937 1357 3985; x_wconf 84' lang='lat' dir='ltr'><strong>exhibui</strong></span> <span class='ocrx_word' id='word_1_320' title='bbox 1377 3952 1402 4002; x_wconf 89' lang='lat' dir='ltr'><strong>p.</strong></span> <span class='ocrx_word' id='word_1_321' title='bbox 1427 3936 1469 3988; x_wconf 87' lang='lat'><strong>13.</strong></span> <span class='ocrx_word' id='word_1_322' title='bbox 1496 3933 1824 3992; x_wconf 65' lang='lat' dir='ltr'><strong>Lueret.·n1323-5o.</strong></span> <span class='ocrx_word' id='word_1_323' title='bbox 1847 3933 1888 3985; x_wconf 80' lang='lat' dir='ltr'><strong>Cf.</strong></span> <span class='ocrx_word' id='word_1_324' title='bbox 1911 3927 2050 3985; x_wconf 72' lang='lat' dir='ltr'><strong>sto-78,</strong></span> <span class='ocrx_word' id='word_1_325' title='bbox 2073 3952 2105 3962; x_wconf 94' lang='grc'>-</span> 
     </span>
     <span class='ocr_line' id='line_1_34' title="bbox 473 4014 2108 4091; baseline 0 -17"><span class='ocrx_word' id='word_1_326' title='bbox 473 4022 498 4088; x_wconf 77' lang='lat'><strong>⁵)</strong></span> <span class='ocrx_word' id='word_1_327' title='bbox 517 4023 618 4076; x_wconf 71' lang='lat' dir='ltr'><strong>Lauren</strong></span> <span class='ocrx_word' id='word_1_328' title='bbox 630 4021 825 4075; x_wconf 77' lang='lat' dir='ltr'><strong>maso-59.</strong></span> <span class='ocrx_word' id='word_1_329' title='bbox 850 4023 919 4072; x_wconf 85' lang='lat' dir='ltr'><strong>Loco</strong></span> <span class='ocrx_word' id='word_1_330' title='bbox 938 4037 1012 4087; x_wconf 90' lang='lat' dir='ltr'><strong>quem</strong></span> <span class='ocrx_word' id='word_1_331' title='bbox 1032 4039 1110 4088; x_wconf 82' lang='lat' dir='ltr'><strong>supra</strong></span> <span class='ocrx_word' id='word_1_332' title='bbox 1130 4026 1201 4074; x_wconf 82' lang='lat' dir='ltr'><strong>attuli</strong></span> <span class='ocrx_word' id='word_1_333' title='bbox 1221 4039 1253 4075; x_wconf 89' lang='lat' dir='ltr'><strong>ax</strong></span> <span class='ocrx_word' id='word_1_334' title='bbox 1272 4025 1388 4089; x_wconf 87' lang='lat' dir='ltr'><strong>Diogene</strong></span> <span class='ocrx_word' id='word_1_335' title='bbox 1398 4026 1500 4075; x_wconf 74' lang='lat' dir='ltr'><strong>Laertio</strong></span> <span class='ocrx_word' id='word_1_336' title='bbox 1511 4025 1548 4091; x_wconf 91' lang='lat' dir='ltr'><strong>(p.</strong></span> <span class='ocrx_word' id='word_1_337' title='bbox 1560 4014 1665 4080; x_wconf 68' lang='lat' dir='ltr'><strong>boian,</strong></span> <span class='ocrx_word' id='word_1_338' title='bbox 1677 4025 1707 4091; x_wconf 84' lang='lat'><strong>3)</strong></span> <span class='ocrx_word' id='word_1_339' title='bbox 1729 4027 1779 4075; x_wconf 86' lang='lat' dir='ltr'><strong>iarn</strong></span> <span class='ocrx_word' id='word_1_340' title='bbox 1801 4024 1905 4088; x_wconf 86' lang='lat' dir='ltr'><strong>reliquo,</strong></span> <span class='ocrx_word' id='word_1_341' title='bbox 1926 4031 2063 4086; x_wconf 61' lang='lat' dir='ltr'><strong>quaecum·</strong></span> <span class='ocrx_word' id='word_1_342' title='bbox 2077 4029 2108 4064; x_wconf 70' lang='lat' dir='ltr'><strong>e⁰</strong></span> 
     </span>
     <span class='ocr_line' id='line_1_35' title="bbox 474 4103 2107 4180; baseline -0.007 -16"><span class='ocrx_word' id='word_1_343' title='bbox 474 4129 591 4164; x_wconf 81' lang='lat' dir='ltr'><strong>connexa</strong></span> <span class='ocrx_word' id='word_1_344' title='bbox 608 4119 675 4174; x_wconf 80' lang='lat' dir='ltr'><strong>suut,</strong></span> <span class='ocrx_word' id='word_1_345' title='bbox 694 4112 767 4172; x_wconf 79' lang='lat' dir='ltr'><strong>eddo,</strong></span> <span class='ocrx_word' id='word_1_346' title='bbox 789 4119 824 4160; x_wconf 80' lang='lat' dir='ltr'><strong>ut</strong></span> <span class='ocrx_word' id='word_1_347' title='bbox 842 4127 918 4176; x_wconf 83' lang='lat' dir='ltr'><strong>quarn</strong></span> <span class='ocrx_word' id='word_1_348' title='bbox 937 4115 1106 4166; x_wconf 71' lang='lat' dir='ltr'><strong>ncoersariem</strong></span> <span class='ocrx_word' id='word_1_349' title='bbox 1126 4115 1241 4179; x_wconf 84' lang='lat' dir='ltr'><strong>corperis</strong></span> <span class='ocrx_word' id='word_1_350' title='bbox 1260 4124 1285 4165; x_wconf 88' lang='lat' dir='ltr'><strong>et</strong></span> <span class='ocrx_word' id='word_1_351' title='bbox 1305 4117 1382 4166; x_wconf 80' lang='lat' dir='ltr'><strong>animi</strong></span> <span class='ocrx_word' id='word_1_352' title='bbox 1401 4118 1592 4167; x_wconf 80' lang='lat' dir='ltr'><strong>consensionem</strong></span> <span class='ocrx_word' id='word_1_353' title='bbox 1613 4115 1725 4166; x_wconf 78' lang='lat' dir='ltr'><strong>effecerit</strong></span> <span class='ocrx_word' id='word_1_354' title='bbox 1745 4116 1872 4180; x_wconf 78' lang='lat' dir='ltr'><strong>Epicurus</strong></span> <span class='ocrx_word' id='word_1_355' title='bbox 1892 4110 1972 4175; x_wconf 82' lang='lat' dir='ltr'><strong>possit</strong></span> <span class='ocrx_word' id='word_1_356' title='bbox 1990 4103 2107 4168; x_wconf 77' lang='lat' dir='ltr'><strong>intelligi.</strong></span> 
     </span>
     <span class='ocr_line' id='line_1_36' title="bbox 474 4193 2106 4272; baseline -0.002 -19"><span class='ocrx_word' id='word_1_357' title='bbox 474 4203 552 4266; x_wconf 88' lang='lat' dir='ltr'><strong>Diog.</strong></span> <span class='ocrx_word' id='word_1_358' title='bbox 572 4202 603 4253; x_wconf 86' lang='lat' dir='ltr'><strong>L.</strong></span> <span class='ocrx_word' id='word_1_359' title='bbox 624 4201 650 4252; x_wconf 86' lang='lat' dir='ltr'>X</span> <span class='ocrx_word' id='word_1_360' title='bbox 666 4193 717 4252; x_wconf 76' lang='lat'><strong>64:</strong></span> <span class='ocrx_word' id='word_1_361' title='bbox 750 4196 795 4250; x_wconf 74' lang='lat' dir='ltr'><strong>ded</strong></span> <span class='ocrx_word' id='word_1_362' title='bbox 817 4197 859 4262; x_wconf 79' lang='lat' dir='ltr'><strong>(nd</strong></span> <span class='ocrx_word' id='word_1_363' title='bbox 877 4201 977 4252; x_wconf 76' lang='grc' dir='ltr'><em>λοιπόν</em></span> <span class='ocrx_word' id='word_1_364' title='bbox 996 4199 1138 4270; x_wconf 71' lang='grc' dir='ltr'><strong>ἄθροισμα</strong></span> <span class='ocrx_word' id='word_1_365' title='bbox 1158 4205 1174 4254; x_wconf 92' lang='lat' dir='ltr'><strong>i.</strong></span> <span class='ocrx_word' id='word_1_366' title='bbox 1197 4221 1220 4254; x_wconf 88' lang='lat' dir='ltr'><strong>e.</strong></span> <span class='ocrx_word' id='word_1_367' title='bbox 1241 4203 1345 4270; x_wconf 87' lang='lat' dir='ltr'><strong>corpus)</strong></span> <span class='ocrx_word' id='word_1_368' title='bbox 1365 4199 1563 4272; x_wconf 65' lang='grc' dir='ltr'><strong>ἀπαλλαγείσης</strong></span> <span class='ocrx_word' id='word_1_369' title='bbox 1583 4207 1627 4268; x_wconf 71' lang='grc' dir='ltr'><strong>τῆς</strong></span> <span class='ocrx_word' id='word_1_370' title='bbox 1647 4209 1733 4272; x_wconf 77' lang='grc' dir='ltr'><em>ψυχῆς</em></span> <span class='ocrx_word' id='word_1_371' title='bbox 1753 4199 1942 4266; x_wconf 62' lang='lat' dir='ltr'><strong>scarponnae</strong></span> <span class='ocrx_word' id='word_1_372' title='bbox 1962 4197 2106 4258; x_wconf 68' lang='grc' dir='ltr'><em>αἴσθησιν·</em></span> 
     </span>
     <span class='ocr_line' id='line_1_37' title="bbox 474 4285 2108 4364; baseline -0.002 -23"><span class='ocrx_word' id='word_1_373' title='bbox 474 4289 506 4343; x_wconf 88' lang='lat' dir='ltr'><strong>eu’</strong></span> <span class='ocrx_word' id='word_1_374' title='bbox 524 4292 578 4359; x_wconf 74' lang='lat' dir='ltr'><strong>yde</strong></span> <span class='ocrx_word' id='word_1_375' title='bbox 597 4287 661 4340; x_wconf 78' lang='lat' dir='ltr'><strong>adad</strong></span> <span class='ocrx_word' id='word_1_376' title='bbox 680 4289 711 4340; x_wconf 74' lang='grc' dir='ltr'><strong>ἐν</strong></span> <span class='ocrx_word' id='word_1_377' title='bbox 731 4285 814 4356; x_wconf 62' lang='lat' dir='ltr'><strong>faurqi</strong></span> <span class='ocrx_word' id='word_1_378' title='bbox 832 4287 927 4351; x_wconf 73' lang='grc' dir='ltr'><strong>ταύτην</strong></span> <span class='ocrx_word' id='word_1_379' title='bbox 952 4290 1069 4352; x_wconf 73' lang='grc' dir='ltr'><strong>ἐκέκτητο</strong></span> <span class='ocrx_word' id='word_1_380' title='bbox 1095 4293 1140 4354; x_wconf 67' lang='lat' dir='ltr'><strong>ria</strong></span> <span class='ocrx_word' id='word_1_381' title='bbox 1167 4289 1302 4360; x_wconf 79' lang='grc' dir='ltr'><strong>δύναμιν,</strong></span> <span class='ocrx_word' id='word_1_382' title='bbox 1330 4291 1386 4342; x_wconf 79' lang='lat' dir='ltr'><strong>‹ill&#39;</strong></span> <span class='ocrx_word' id='word_1_383' title='bbox 1414 4290 1493 4363; x_wconf 74' lang='grc' dir='ltr'><em>ἑτέρῳ</em></span> <span class='ocrx_word' id='word_1_384' title='bbox 1519 4291 1577 4364; x_wconf 76' lang='grc' dir='ltr'><strong>ἅμα</strong></span> <span class='ocrx_word' id='word_1_385' title='bbox 1601 4291 1898 4362; x_wconf 72' lang='grc' dir='ltr'><em>συγγεγενημένῳ</em></span> <span class='ocrx_word' id='word_1_386' title='bbox 1924 4286 1993 4353; x_wconf 74' lang='lat' dir='ltr'><strong>ndrqb</strong></span> <span class='ocrx_word' id='word_1_387' title='bbox 2020 4298 2108 4352; x_wconf 78' lang='grc' dir='ltr'><em>παρε-</em></span> 
     </span>
     <span class='ocr_line' id='line_1_38' title="bbox 474 4371 2110 4451; baseline -0.006 -21"><span class='ocrx_word' id='word_1_388' title='bbox 474 4377 621 4439; x_wconf 78' lang='grc' dir='ltr'><em>σκεύαζεν,</em></span> <span class='ocrx_word' id='word_1_389' title='bbox 649 4373 666 4428; x_wconf 80' lang='grc' dir='ltr'><strong><em>δ</em></strong></span> <span class='ocrx_word' id='word_1_390' title='bbox 686 4375 735 4427; x_wconf 82' lang='lat' dir='ltr'><strong>dut</strong></span> <span class='ocrx_word' id='word_1_391' title='bbox 755 4381 799 4440; x_wconf 75' lang='grc' dir='ltr'><strong>τῆς</strong></span> <span class='ocrx_word' id='word_1_392' title='bbox 818 4378 1037 4440; x_wconf 74' lang='grc' dir='ltr'><em>συντελεσθείσης</em></span> <span class='ocrx_word' id='word_1_393' title='bbox 1061 4381 1124 4447; x_wconf 73' lang='grc' dir='ltr'><strong>περὶ</strong></span> <span class='ocrx_word' id='word_1_394' title='bbox 1144 4379 1209 4431; x_wconf 78' lang='lat' dir='ltr'><strong>adad</strong></span> <span class='ocrx_word' id='word_1_395' title='bbox 1229 4377 1374 4451; x_wconf 73' lang='grc' dir='ltr'><em>δυνάμεως</em></span> <span class='ocrx_word' id='word_1_396' title='bbox 1393 4385 1459 4433; x_wconf 72' lang='lat' dir='ltr'><strong>eard</strong></span> <span class='ocrx_word' id='word_1_397' title='bbox 1479 4385 1526 4446; x_wconf 72' lang='grc' dir='ltr'><strong>τὴν</strong></span> <span class='ocrx_word' id='word_1_398' title='bbox 1545 4387 1651 4445; x_wconf 71' lang='grc' dir='ltr'><strong>κίνησιν</strong></span> <span class='ocrx_word' id='word_1_399' title='bbox 1671 4377 1827 4448; x_wconf 72' lang='grc' dir='ltr'><em>σύμπτωμα</em></span> <span class='ocrx_word' id='word_1_400' title='bbox 1848 4377 2007 4440; x_wconf 71' lang='grc' dir='ltr'><strong>αἰσθητικόν</strong></span> <span class='ocrx_word' id='word_1_401' title='bbox 2026 4371 2110 4428; x_wconf 72' lang='grc' dir='ltr'><em>εὐθύς</em></span> 
     </span>
     <span class='ocr_line' id='line_1_39' title="bbox 475 4463 2109 4540; baseline -0.001 -21"><span class='ocrx_word' id='word_1_402' title='bbox 475 4467 627 4520; x_wconf 62' lang='grc' dir='ltr'><em>ἀποτελοῦν</em></span> <span class='ocrx_word' id='word_1_403' title='bbox 647 4463 731 4534; x_wconf 77' lang='lat' dir='ltr'><strong>incepi</strong></span> <span class='ocrx_word' id='word_1_404' title='bbox 751 4465 887 4518; x_wconf 67' lang='grc' dir='ltr'><strong>ἀπεδίδου</strong></span> <span class='ocrx_word' id='word_1_405' title='bbox 906 4470 973 4518; x_wconf 76' lang='lat' dir='ltr'><strong>anari</strong></span> <span class='ocrx_word' id='word_1_406' title='bbox 993 4470 1039 4531; x_wconf 69' lang='lat' dir='ltr'><strong>ria</strong></span> <span class='ocrx_word' id='word_1_407' title='bbox 1059 4465 1209 4538; x_wconf 74' lang='grc' dir='ltr'><em>υμσὺριγσιν</em></span> <span class='ocrx_word' id='word_1_408' title='bbox 1229 4473 1273 4520; x_wconf 78' lang='grc' dir='ltr'><strong>καὶ</strong></span> <span class='ocrx_word' id='word_1_409' title='bbox 1295 4470 1474 4540; x_wconf 76' lang='grc' dir='ltr'><em>συμπάθειαν</em></span> <span class='ocrx_word' id='word_1_410' title='bbox 1494 4475 1540 4523; x_wconf 85' lang='grc' dir='ltr'><strong>καὶ</strong></span> <span class='ocrx_word' id='word_1_411' title='bbox 1560 4473 1669 4540; x_wconf 75' lang='grc' dir='ltr'><strong>ἐκείνῳ,</strong></span> <span class='ocrx_word' id='word_1_412' title='bbox 1691 4467 1821 4538; x_wconf 69' lang='grc' dir='ltr'><strong>καθάπερ</strong></span> <span class='ocrx_word' id='word_1_413' title='bbox 1841 4465 1930 4519; x_wconf 75' lang='grc' dir='ltr'><em>εἶπον.</em></span> <span class='ocrx_word' id='word_1_414' title='bbox 1969 4464 2052 4530; x_wconf 83' lang='lat' dir='ltr'><strong>Quem</strong></span> <span class='ocrx_word' id='word_1_415' title='bbox 2071 4464 2109 4512; x_wconf 85' lang='lat' dir='ltr'><strong>lo·</strong></span> 
     </span>
     <span class='ocr_line' id='line_1_40' title="bbox 477 4555 2110 4629; baseline -0.002 -18"><span class='ocrx_word' id='word_1_416' title='bbox 477 4575 534 4611; x_wconf 86' lang='lat' dir='ltr'><strong>enm</strong></span> <span class='ocrx_word' id='word_1_417' title='bbox 554 4561 590 4610; x_wconf 81' lang='lat' dir='ltr'><strong>ire</strong></span> <span class='ocrx_word' id='word_1_418' title='bbox 606 4560 786 4624; x_wconf 80' lang='lat' dir='ltr'><strong>interpretatur</strong></span> <span class='ocrx_word' id='word_1_419' title='bbox 800 4559 949 4610; x_wconf 78' lang='lat' dir='ltr'><strong>Gessendus</strong></span> <span class='ocrx_word' id='word_1_420' title='bbox 968 4559 1037 4624; x_wconf 91' lang='lat' dir='ltr'><strong>Opp.</strong></span> <span class='ocrx_word' id='word_1_421' title='bbox 1057 4565 1116 4610; x_wconf 86' lang='lat' dir='ltr'><strong>tom</strong></span> <span class='ocrx_word' id='word_1_422' title='bbox 1137 4561 1167 4610; x_wconf 92' lang='lat'><strong>11</strong></span> <span class='ocrx_word' id='word_1_423' title='bbox 1190 4561 1259 4614; x_wconf 78' lang='lat'><strong>330:</strong></span> <span class='ocrx_word' id='word_1_424' title='bbox 1290 4562 1361 4623; x_wconf 79' lang='lat' dir='ltr'><strong>,Noe</strong></span> <span class='ocrx_word' id='word_1_425' title='bbox 1381 4566 1447 4614; x_wconf 89' lang='lat' dir='ltr'><strong>enirn</strong></span> <span class='ocrx_word' id='word_1_426' title='bbox 1467 4565 1550 4629; x_wconf 86' lang='lat' dir='ltr'><strong>ipsum</strong></span> <span class='ocrx_word' id='word_1_427' title='bbox 1570 4559 1685 4628; x_wconf 82' lang='lat' dir='ltr'><strong>(eorpus)</strong></span> <span class='ocrx_word' id='word_1_428' title='bbox 1705 4563 1731 4612; x_wconf 92' lang='lat' dir='ltr'><strong>in</strong></span> <span class='ocrx_word' id='word_1_429' title='bbox 1753 4575 1779 4612; x_wconf 89' lang='lat' dir='ltr'><strong>se</strong></span> <span class='ocrx_word' id='word_1_430' title='bbox 1798 4562 1856 4625; x_wconf 85' lang='lat' dir='ltr'><strong>ipso</strong></span> <span class='ocrx_word' id='word_1_431' title='bbox 1875 4556 2024 4607; x_wconf 77' lang='lat' dir='ltr'><strong>facultatem</strong></span> <span class='ocrx_word' id='word_1_432' title='bbox 2043 4555 2110 4604; x_wconf 82' lang='lat' dir='ltr'><strong>hauc</strong></span> 
     </span>
     <span class='ocr_line' id='line_1_41' title="bbox 474 4644 2110 4719; baseline -0.005 -18"><span class='ocrx_word' id='word_1_433' title='bbox 474 4651 638 4715; x_wconf 84' lang='lat' dir='ltr'><strong>possidebet;</strong></span> <span class='ocrx_word' id='word_1_434' title='bbox 666 4651 711 4700; x_wconf 84' lang='lat' dir='ltr'><strong>red</strong></span> <span class='ocrx_word' id='word_1_435' title='bbox 730 4651 875 4716; x_wconf 80' lang='lat' dir='ltr'><strong>apparabat</strong></span> <span class='ocrx_word' id='word_1_436' title='bbox 893 4651 936 4700; x_wconf 81' lang='lat' dir='ltr'><strong>alii</strong></span> <span class='ocrx_word' id='word_1_437' title='bbox 963 4649 1129 4714; x_wconf 68' lang='lat' dir='ltr'><strong>rei=(animne</strong></span> <span class='ocrx_word' id='word_1_438' title='bbox 1148 4651 1277 4717; x_wconf 85' lang='lat' dir='ltr'><strong>nimirum)</strong></span> <span class='ocrx_word' id='word_1_439' title='bbox 1298 4655 1446 4718; x_wconf 80' lang='lat' dir='ltr'><strong>congenitae</strong></span> <span class='ocrx_word' id='word_1_440' title='bbox 1467 4653 1529 4716; x_wconf 85' lang='lat' dir='ltr'><strong>sibi,</strong></span> <span class='ocrx_word' id='word_1_441' title='bbox 1556 4649 1854 4719; x_wconf 84' lang='lat' dir='ltr'><strong>quaeperiseultatem</strong></span> <span class='ocrx_word' id='word_1_442' title='bbox 1874 4647 1977 4712; x_wconf 89' lang='lat' dir='ltr'><strong>inipso</strong></span> <span class='ocrx_word' id='word_1_443' title='bbox 1997 4644 2110 4696; x_wconf 86' lang='lat' dir='ltr'><strong>collabo-</strong></span> 
     </span>
     <span class='ocr_line' id='line_1_42' title="bbox 477 4734 2110 4807; baseline -0.005 -17"><span class='ocrx_word' id='word_1_444' title='bbox 477 4747 559 4790; x_wconf 79' lang='lat' dir='ltr'><strong>rntem</strong></span> <span class='ocrx_word' id='word_1_445' title='bbox 577 4740 648 4791; x_wconf 87' lang='lat' dir='ltr'><strong>illice</strong></span> <span class='ocrx_word' id='word_1_446' title='bbox 668 4747 752 4792; x_wconf 64' lang='lat' dir='ltr'><strong>mcum</strong></span> <span class='ocrx_word' id='word_1_447' title='bbox 772 4741 896 4792; x_wconf 87' lang='lat' dir='ltr'><strong>sentiendi</strong></span> <span class='ocrx_word' id='word_1_448' title='bbox 915 4757 962 4806; x_wconf 90' lang='lat' dir='ltr'><strong>pro</strong></span> <span class='ocrx_word' id='word_1_449' title='bbox 982 4757 1029 4792; x_wconf 88' lang='lat' dir='ltr'><strong>sue</strong></span> <span class='ocrx_word' id='word_1_450' title='bbox 1046 4743 1157 4793; x_wconf 88' lang='lat' dir='ltr'><strong>motione</strong></span> <span class='ocrx_word' id='word_1_451' title='bbox 1175 4757 1301 4806; x_wconf 84' lang='lat' dir='ltr'><strong>exserens,</strong></span> <span class='ocrx_word' id='word_1_452' title='bbox 1321 4751 1374 4792; x_wconf 84' lang='lat' dir='ltr'><strong>tum</strong></span> <span class='ocrx_word' id='word_1_453' title='bbox 1395 4744 1442 4793; x_wconf 91' lang='lat' dir='ltr'><strong>sibi</strong></span> <span class='ocrx_word' id='word_1_454' title='bbox 1463 4743 1526 4807; x_wconf 89' lang='lat' dir='ltr'><strong>ipsi,</strong></span> <span class='ocrx_word' id='word_1_455' title='bbox 1551 4751 1604 4791; x_wconf 88' lang='lat' dir='ltr'><strong>tam</strong></span> <span class='ocrx_word' id='word_1_456' title='bbox 1622 4741 1662 4790; x_wconf 90' lang='lat' dir='ltr'><strong>illi</strong></span> <span class='ocrx_word' id='word_1_457' title='bbox 1682 4753 1780 4805; x_wconf 87' lang='lat' dir='ltr'><strong>quoqne</strong></span> <span class='ocrx_word' id='word_1_458' title='bbox 1801 4744 1829 4786; x_wconf 86' lang='lat' dir='ltr'><strong>ut</strong></span> <span class='ocrx_word' id='word_1_459' title='bbox 1849 4737 1978 4798; x_wconf 87' lang='lat' dir='ltr'><strong>dicebam,</strong></span> <span class='ocrx_word' id='word_1_460' title='bbox 1998 4735 2031 4784; x_wconf 90' lang='lat' dir='ltr'><strong>ob</strong></span> <span class='ocrx_word' id='word_1_461' title='bbox 2050 4734 2110 4782; x_wconf 85' lang='lat' dir='ltr'><strong>vici·</strong></span> 
     </span>
     <span class='ocr_line' id='line_1_43' title="bbox 477 4821 2108 4896; baseline -0.006 -14"><span class='ocrx_word' id='word_1_462' title='bbox 477 4832 546 4882; x_wconf 83' lang='lat' dir='ltr'><strong>niem</strong></span> <span class='ocrx_word' id='word_1_463' title='bbox 565 4831 805 4896; x_wconf 71' lang='lat' dir='ltr'><strong>mnaensionemque</strong></span> <span class='ocrx_word' id='word_1_464' title='bbox 824 4831 982 4882; x_wconf 59' lang='lat' dir='ltr'><strong>deferebat!¹</strong></span> <span class='ocrx_word' id='word_1_465' title='bbox 1014 4831 1113 4893; x_wconf 83' lang='lat' dir='ltr'><strong>Quibus</strong></span> <span class='ocrx_word' id='word_1_466' title='bbox 1132 4832 1264 4896; x_wconf 85' lang='lat' dir='ltr'><strong>explicatis</strong></span> <span class='ocrx_word' id='word_1_467' title='bbox 1286 4833 1434 4884; x_wconf 87' lang='lat' dir='ltr'><strong>Gessendus</strong></span> <span class='ocrx_word' id='word_1_468' title='bbox 1453 4831 1558 4895; x_wconf 79' lang='lat' dir='ltr'><strong>Epicuri</strong></span> <span class='ocrx_word' id='word_1_469' title='bbox 1578 4831 1728 4880; x_wconf 71' lang='lat' dir='ltr'><strong>mutandam</strong></span> <span class='ocrx_word' id='word_1_470' title='bbox 1748 4843 1805 4878; x_wconf 87' lang='lat' dir='ltr'><strong>cum</strong></span> <span class='ocrx_word' id='word_1_471' title='bbox 1821 4825 1961 4878; x_wconf 75' lang='lat' dir='ltr'><strong>Arinotele</strong></span> <span class='ocrx_word' id='word_1_472' title='bbox 1981 4825 2012 4874; x_wconf 86' lang='lat' dir='ltr'><strong>de</strong></span> <span class='ocrx_word' id='word_1_473' title='bbox 2032 4839 2072 4872; x_wconf 84' lang='lat' dir='ltr'><strong>an.</strong></span> <span class='ocrx_word' id='word_1_474' title='bbox 2094 4821 2108 4869; x_wconf 96' lang='lat' dir='ltr'>I</span> 
     </span>
     <span class='ocr_line' id='line_1_44' title="bbox 476 4909 2109 4988; baseline -0.005 -16"><span class='ocrx_word' id='word_1_475' title='bbox 476 4915 504 4982; x_wconf 71' lang='lat' dir='ltr'><strong>tl,</strong></span> <span class='ocrx_word' id='word_1_476' title='bbox 526 4919 559 4970; x_wconf 75' lang='lat'><strong>12</strong></span> <span class='ocrx_word' id='word_1_477' title='bbox 581 4923 722 4986; x_wconf 82' lang='lat' dir='ltr'><strong>componit:</strong></span> <span class='ocrx_word' id='word_1_478' title='bbox 753 4921 827 4985; x_wconf 83' lang='lat' dir='ltr'><strong>„Quo</strong></span> <span class='ocrx_word' id='word_1_479' title='bbox 847 4925 903 4974; x_wconf 90' lang='lat' dir='ltr'><strong>loce</strong></span> <span class='ocrx_word' id='word_1_480' title='bbox 921 4924 992 4972; x_wconf 81' lang='lat' dir='ltr'><strong>rides</strong></span> <span class='ocrx_word' id='word_1_481' title='bbox 1010 4921 1150 4988; x_wconf 73' lang='lat' dir='ltr'><strong>Epicratem</strong></span> <span class='ocrx_word' id='word_1_482' title='bbox 1169 4925 1274 4974; x_wconf 84' lang='lat' dir='ltr'><strong>eandem</strong></span> <span class='ocrx_word' id='word_1_483' title='bbox 1294 4924 1374 4988; x_wconf 75' lang='lat' dir='ltr'><strong>propi</strong></span> <span class='ocrx_word' id='word_1_484' title='bbox 1394 4923 1477 4971; x_wconf 86' lang='lat' dir='ltr'><strong>dicere</strong></span> <span class='ocrx_word' id='word_1_485' title='bbox 1497 4931 1554 4969; x_wconf 87' lang='lat' dir='ltr'><strong>cnm</strong></span> <span class='ocrx_word' id='word_1_486' title='bbox 1575 4919 1713 4970; x_wconf 84' lang='lat' dir='ltr'><strong>Aristotele</strong></span> <span class='ocrx_word' id='word_1_487' title='bbox 1734 4919 1891 4981; x_wconf 64' lang='lat' dir='ltr'><strong>renuntiem,</strong></span> <span class='ocrx_word' id='word_1_488' title='bbox 1910 4929 1961 4968; x_wconf 91' lang='lat' dir='ltr'><strong>nea</strong></span> <span class='ocrx_word' id='word_1_489' title='bbox 1981 4927 2036 4966; x_wconf 83' lang='lat' dir='ltr'><strong>esse</strong></span> <span class='ocrx_word' id='word_1_490' title='bbox 2055 4909 2109 4960; x_wconf 71' lang='lat' dir='ltr'><strong>tui·</strong></span> 
     </span>
     <span class='ocr_line' id='line_1_45' title="bbox 479 5011 1360 5078; baseline 0.002 -18"><span class='ocrx_word' id='word_1_491' title='bbox 479 5023 546 5060; x_wconf 84' lang='lat' dir='ltr'><strong>raam</strong></span> <span class='ocrx_word' id='word_1_492' title='bbox 567 5011 656 5076; x_wconf 86' lang='lat' dir='ltr'><strong>solam,</strong></span> <span class='ocrx_word' id='word_1_493' title='bbox 676 5027 740 5077; x_wconf 84' lang='lat' dir='ltr'><strong>quae</strong></span> <span class='ocrx_word' id='word_1_494' title='bbox 760 5015 858 5076; x_wconf 79' lang='lat' dir='ltr'><strong>render,</strong></span> <span class='ocrx_word' id='word_1_495' title='bbox 878 5015 922 5064; x_wconf 87' lang='lat' dir='ltr'><strong>red</strong></span> <span class='ocrx_word' id='word_1_496' title='bbox 942 5015 1024 5078; x_wconf 85' lang='lat' dir='ltr'><strong>ipsum</strong></span> <span class='ocrx_word' id='word_1_497' title='bbox 1044 5027 1099 5064; x_wconf 85' lang='lat' dir='ltr'><strong>esse</strong></span> <span class='ocrx_word' id='word_1_498' title='bbox 1119 5013 1313 5078; x_wconf 78' lang='lat' dir='ltr'><strong>compositam‘¹</strong></span> <span class='ocrx_word' id='word_1_499' title='bbox 1357 5069 1360 5078; x_wconf 26' lang='lat' dir='ltr'>y</span> 
     </span>
    </p>
   </div>
   <div class='ocr_carea' id='block_1_10' title="bbox 0 0 2405 5634">
    <p class='ocr_par' dir='ltr' id='par_1_15' title="bbox 0 0 2405 5634">
     <span class='ocr_line' id='line_1_46' title="bbox 0 0 2405 5634; baseline 0 0"><span class='ocrx_word' id='word_1_500' title='bbox 0 0 2405 5634; x_wconf 95' lang='lat' dir='ltr'><strong> </strong></span> 
     </span>
    </p>
   </div>
  </div>
 </body>
</html>
