4780 5634
1101 473 1315 538 ...ffl-

333 671 445 748 siout,
473 673 773 753 qemunprtnoeps.
786 671 868 736 seno
887 673 1057 736 ammonam
1079 673 1204 740 sustulit
1219 672 1339 753 quiden
1366 669 1634 748 tnnmubrum,
1651 672 1724 740 'ssd
1743 672 1911 742 decenum
1929 691 2045 746 eoru
2067 699 2096 747 a

333 799 463 863 corpore
485 791 516 846 et
532 783 861 849 'sboedimnrnitetem
883 783 1067 868 mhqotrt).
1100 784 1249 868 bisotpmt
1269 801 1355 859 sero,
1373 781 1435 848 etsi
1456 783 1495 846 de
1514 783 1570 846 boo
1592 783 1705 863 reipsi
1726 784 2084 860 interseruissem

330 891 458 970 dehent,
488 911 556 958 uum
576 893 628 956 alii
651 893 755 958 animis
776 893 999 978 longissimum,
1028 895 1076 960 ulii
1098 913 1159 960 uon
1180 895 1323 960 omnbus·
1340 910 1483 976 aequem,
1511 895 1692 961 aliiuullarn
1715 897 1841 962 omuino
1860 899 1939 964 ritae
1960 917 2083 970 usuram

333 1003 532 1086 inspissatur,
560 1013 785 1070 omues-tanen
807 1023 846 1070 eo
862 1007 1008 1070 »uidentur
1028 1023 1149 1088 semper
1170 1007 1378 1082 consensisse,
1406 1008 1528 1072 mimos·
1542 1023 1581 1072 err
1602 1017 1726 1074 reterns
1745 1017 1835 1087 etue
1855 1007 1956 1076 mains
1976 1023 2083 1079 natm

330 1115 491 1196 decerptos
504 1132 573 1178 esse
584 1133 645 1178 uec
657 1133 786 1194 unquam
802 1117 977 1180 interituros
991 1115 1124 1180 lunffltus
1140 1115 1182 1196 ²).
1205 1116 1301 1180 hlalto
1311 1117 1401 1184 etium
1413 1117 1510 1184 maior
1522 1115 1678 1196 Epicureis
1693 1117 1859 1185 constabat·
1870 1135 1938 1184 cun
1950 1121 2082 1192 Platonis

330 1225 485 1306 disciplina
497 1225 654 1290 dissensio
675 1229 869 1307 Quamquam,
884 1228 1037 1307 questore
1048 1227 1130 1290 Plato
1142 1227 1309 1291 disserendi
1319 1227 1367 1290 uie
1385 1225 1571 1308 explicuerat
1584 1228 1717 1292 rationes
1732 1228 1888 1310 graviores
1902 1237 2082 1312 utpueecu-

329 1338 521 1432 tiores..xeas
543 1337 690 1418 Epicurius
713 1339 858 1404 eminus
886 1339 1061 1422 ignorasse,
1087 1347 1178 1402 certo·
1193 1337 1366 1419 neglexisse
1387 1337 1509 1402 sidotm
1529 1351 1586 1398 nee
1607 1337 1667 1404 ulla
1690 1337 1898 1417 disputationis
1918 1341 2080 1407 severitate

207 1537 212 1545 .
329 1448 488 1515 &elisee
533 1449 597 1512 llh's
622 1449 701 1515 euim
725 1450 897 1516 rationibu-
914 1449 987 1530 noio
1016 1449 1133 1512 tandem
1162 1465 1323 1528 opponere
1341 1448 1458 1527 pomam
1486 1465 1555 1512 curu
1575 1447 1751 1514 dialectiem
1779 1449 1855 1512 artis
1883 1448 1965 1516 rudis
1991 1458 2081 1530 atpue

330 1560 470 1624 iuimicus
491 1557 525 1642 ³)
547 1577 665 1624 omnem
689 1561 824 1628 ueritatis
845 1560 1050 1642 cognitionem
1064 1577 1080 1624 a
1095 1559 1188 1635 sous,-
1201 1575 1278 1639 puaa
1296 1559 1437 1624 sensibus
1462 1559 1680 1638 peremturum,
1702 1558 1793 1622 rebus
1807 1560 2000 1638 repetendam
2014 1581 2081 1626 esse

332 1669 464 1751 nihilque
486 1672 550 1736 nisi,
564 1672 692 1756 spatium
712 1687 845 1751 corpore
867 1688 975 1734 uacans
1003 1689 1075 1736 esso
1094 1670 1305 1736 deorsuisset·
1334 1667 1441 1750 Nepam
1461 1670 1554 1750 igitur
1577 1668 1743 1734 mirandum
1765 1678 1828 1747 est,
1851 1687 1897 1732 ae.
1911 1669 2081 1740 Lucretium

330 1781 470 1861 quidem,
499 1783 626 1846 acrioris
647 1781 865 1863 illuruingeuii
880 1781 1081 1861 discipulum,
1108 1781 1146 1844 sd
1160 1781 1291 1844 ¹eliorum
1314 1780 1446 1844 rationes
1467 1767 1693 1862 rmsrduenuns
1717 1779 1876 1845 subtiliora
1904 1792 2083 1864 argumente
2159 1765 2162 1780 ¹

329 1892 513 1958 adhibuisse.
542 1893 571 1955 ls
594 1893 784 1962 adversarios
806 1909 879 1959 suos
902 1903 991 1973 urget
1012 1893 1132 1973 quidem
1154 1893 1384 1974 intmropeudo,
1405 1909 1465 1972 qua
1487 1891 1604 1956 tardem
1627 1891 1743 1954 reione
1766 1900 1889 1957 aemrna
1910 1909 1980 1958 cum
1997 1913 2085 1958 moe

334 2003 442 2065 talibus
472 2013 580 2083 queant
615 2004 775 2085 coniungi,
805 2021 860 2064 cur
889 2003 1071 2066 immortales
1099 2004 1187 2066 animi
1215 2005 1393 2083 corporibus
1421 2005 1608 2065 insinuentur
1637 2001 1812 2064 mortalibus
1841 2011 1872 2066 et
1900 2004 2083 2088 cadmiel),

333 2131 389 2178 cur
410 2123 441 2178 et
462 2115 611 2195 quomodo
633 2117 752 2178 sibimet
774 2116 830 2196 ipsi
858 2133 986 2196 erupere
1008 2115 1192 2184 [ebriemur
1208 2114 1258 2198 ⁵),
1292 2115 1421 2196 denique
1442 2131 1498 2178 eur
1519 2114 1607 2177 huius
1630 2113 1708 2176 vitae
1733 2111 1854 2174 miseris
1877 2125 2032 2194 suscepta,
2054 2117 2080 2178 si

333 2243 444 2306 corpus
466 2227 570 2290 aetatis
593 2229 687 2306 spatio
710 2225 811 2288 labare
833 2227 987 2306 coeperit,
1007 2227 1057 2290 alii
1078 2227 1363 2307 tdoonpueraorur,
1386 2227 1437 2290 alii
1457 2223 1637 2290 domicilium
1651 2224 1797 2295 deserere
1818 2223 2003 2306 cupiant⁶):
2025 2223 2099 2286 sed'

333 2336 479 2400 eiusmodi
499 2337 692 2418 quaestiones
715 2335 902 2401 difficillimas
916 2338 953 2404 ad
976 2337 1183 2403 scholaesuae
1196 2337 1444 2403 consuetudinem
1458 2334 1493 2416 ⁷)
1514 2337 1616 2416 paucis
1629 2345 1744 2400 morum
1759 2342 1849 2415 atque
1862 2335 1970 2399 leviter
1987 2335 2081 2418 tangit

335 2459 363 2511 et
385 2447 541 2510 irridendo
563 2450 663 2528 potius
685 2467 772 2528 quem
796 2449 975 2528 disputando
995 2449 1183 2532 aggreditur.
1212 2447 1277 2514 Nec
1299 2447 1350 2535 uhi
1373 2445 1629 2529 Pythagoreorum
1650 2447 1802 2510 rotemero
1824 2447 1904 2510 iliam
1926 2447 1964 2508 de
1985 2465 2081 2526 supe-

334 2559 425 2624 rioris
448 2560 529 2622 rime
545 2559 761 2626 recordatam
781 2560 959 2624 seutentiam
981 2559 1107 2638 relatu,
1127 2573 1211 2634 eam,
1232 2577 1322 2639 quam
1344 2557 1425 2627 Plato
1445 2577 1487 2622 ex
1506 2559 1571 2637 ipse
1593 2555 1777 2636 philosophia
1798 2557 1962 2638 emistus
1982 2557 2080 2622 ration

334 2689 403 2733 nem
425 2669 612 2734 subtiliorem
634 2681 663 2735 et
685 2672 917 2736 reconditiorem
940 2690 979 2733 ne
1000 2672 1094 2734 verbo
1116 2669 1234 2750 quidem
1263 2669 1432 2750 assequitur
1447 2667 1492 2753 ⁸).
1538 2667 1570 2728 ln
1593 2666 1739 2730 eiusmodi
1767 2669 1952 2749 argumentis
1975 2685 2081 2737 oruuos

336 2781 503 2862 Epicureos
520 2779 612 2861 plene
633 2782 728 2846 luisse
747 2781 870 2848 hebetes
892 2794 981 2863 atque
997 2783 1118 2846 alienos
1139 2781 1353 2854 dicit-‹Cicerm
1375 2780 1403 2841 is
1421 2789 1455 2844 et
1476 2787 1599 2842 volenes
1617 2777 1743 2844 scholae,
1760 2779 1928 2858 prinsipes,
1952 2786 1985 2840 ut
2007 2777 2082 2856 ttpt-
2111 2801 2114 2808 ·

328 2906 441 2956 curum
461 2900 495 2955 et
512 2891 733 2970 Metrodorum·
750 2903 782 2958 et
803 2894 943 2974 aequales
957 2893 1133 2972 Epicureos,
1155 2903 1189 2960 ut
1205 2892 1401 2966 hmrtbnium,
1422 2889 1584 2965 namnum,
1605 2889 1680 2957 alios
1703 2889 1801 2958 multu
1823 2889 1900 2955 locis
1922 2890 2080 2967 stuperet,

329 3004 415 3084 -quod
436 3003 505 3068 libri
521 3022 631 3068 remum
655 3004 736 3068 naht
757 3005 823 3068 erte
846 3015 877 3069 et
898 3005 1065 3068 obserandi
1087 3001 1248 3070 subtilitate
1270 3005 1367 3068 omui
1387 3002 1425 3064 ad
1448 3000 1532 3082 vulpi
1551 3007 1671 3078 ceptum
1687 2999 1850 3077 conscripti
1863 2999 1922 3065 siat
1934 2992 2081 3063 derebus

328 3115 456 3178 minime
468 3115 630 3192 obscuris,
652 3129 725 3195 puae
748 3131 836 3178 nemo
859 3115 1050 3180 mediocriter
1071 3113 1191 3194 quidem
1209 3113 1320 3180 dumus
1340 3113 1519 3196 tpoorett).
1564 3109 1709 3191 idemque
1726 3117 1831 3175 mcmr
1850 3125 1891 3174 eo
1913 3107 1979 3187 ipso
1998 3106 2081 3184 icoo,

328 3244 393 3308 ouo
414 3225 546 3290 eleonis
567 3227 837 3309 elegentemiliem
858 3235 948 3307 etque
975 3225 1155 3305 exquisitam
1182 3225 1383 3290 demerendi
1410 3223 1557 3304 principio
1580 3221 1725 3287 rationem
1747 3220 1887 3299 exponit,
1917 3218 2090 3282 cumralios'

333 3338 526 3420 philosophos
545 3346 612 3402 torn
634 3340 765 3402 manime
784 3339 950 3419 Epicureos
970 3338 1010 3402 its
1033 3337 1225 3419 perstringit:
1249 3338 1546 3414 „ttoeceoocarrant
1568 3348 1673 3396 omues
1695 3330 1803 3410 ptetett
1817 3329 1993 3410 philosophi
2015 3328 2082 3410 (sic

332 3449 473 3525 enimii,
504 3449 554 3529 qui
571 3468 593 3510 a
611 3449 737 3512 Platone
756 3458 789 3514 et
808 3449 934 3514 somata
952 3457 986 3510 et
1007 3447 1044 3510 ab
1065 3466 1101 3510 ea
1124 3447 1231 3539 farphis
1252 3447 1414 3523 dissideat,
1441 3443 1607 3525 appellandi
1630 3440 1791 3524 uideatur)
1813 3459 1873 3508 noa
1887 3441 1984 3504 ‚modo
2007 3439 2079 3538 nihil

331 3577 464 3642 unquam
488 3568 547 3622 tam
567 3559 726 3642 eleganter
747 3561 953 3641 eaph'oubuut,
982 3558 1041 3624 sed·
1059 3577 1097 3622 ne
1118 3559 1177 3622 hoc
1199 3558 1318 3638 quidem
1340 3559 1454 3638 mrum,
1470 3573 1565 3636 »quast
1587 3553 1735 3620 mbutter
1756 3551 1930 3618 conclusum
1944 3551 2010 3630 sit,
2031 3551 2082 3615 iu-

334 3669 472 3754 tellipent
497 3670 555 3755 ¹⁰).
596 3674 682 3746 Quae
703 3673 796 3738 uerba
817 3680 852 3736 ut
873 3687 934 3734 non
955 3678 1064 3734 vacent
1085 3669 1151 3749 ille,
1179 3685 1237 3750 pus
1258 3665 1466 3734 cicomsotor
1486 3667 1517 3728 iu
1539 3663 1706 3744 Epicureos
1727 3664 1787 3742 uria,
1810 3661 1995 3736 acerbitatum
2022 3660 2082 3725 hoc

334 3794 419 3848 certe
440 3783 625 3848 credendum
647 3793 693 3848 est
712 3785 790 3848 istos
811 3783 929 3848 subtilia
950 3791 1127 3864 argumente
1144 3781 1296 3846 subtiliter
1317 3779 1500 3843 oonamcero
1521 3775 1639 3838 ratione
1660 3772 1814 3839 docuimus
1834 3771 1915 3838 mun
1937 3771 2082 3852 potuisse.

331 3893 441 3974 ltaque
461 3893 611 3975 Epiourus
631 3913 684 3959 eas
705 3895 892 3978 potissimum
913 3885 1088 3976 opiniones,
1110 3909 1188 3972 puae
1208 3891 1300 3973 longo
1321 3891 1440 3970 touque
1462 3905 1517 3968 per
1538 3883 1755 3952 multitudinem
1778 3891 1864 3949 erant
1884 3881 2010 3947 diffusae
2030 3882 2083 3942 si-

337 4005 426 4067 detur
447 4005 630 4088 exagitasse.-
671 4005 735 4068 Nee
756 4006 786 4068 id
809 4007 933 4079 mirum;
962 4005 1036 4068 vixit
1057 4004 1136 4066 eninr
1158 4003 1292 4066 tristibus
1321 4001 1379 4064 illis
1407 3997 1608 4079 temporibus,
1637 3995 1745 4074 quibus
1768 3994 1919 4056 hominum
1942 3990 2029 4054 aniroi
2051 3997 2083 4052 et

336 4115 484 4196 publicae·
509 4118 554 4180 rei
583 4126 615 4180 et
643 4118 776 4198 priuatae
804 4117 971 4181 calamitate
1000 4113 1102 4179 alhicti
1138 4131 1173 4176 uc
1209 4112 1324 4194 fatigati
1352 4113 1401 4176 alii
1436 4110 1522 4173 lecito
1550 4123 1633 4188 spem
1662 4106 1728 4187 opis
1758 4103 1877 4168 divinae
1905 4101 2083 4166 subiiciebant

455 4382 477 4451 ¹)
496 4385 573 4452 Diog.
584 4387 616 4438 L.
627 4384 682 4436 vn
702 4385 770 4437 teo:
792 4385 843 4436 Διὸ
864 4385 908 4434 arri
928 4383 988 4448 (riu
1007 4381 1106 4452 ψινμξν)
1126 4385 1206 4452 σῶμα
1218 4378 1307 4440 siser,
1327 4381 1372 4430 arei
1391 4382 1460 4447 pratri
1480 4374 1602 4428 θάνιιιον
1621 4377 1781 4443 ἐπιμένειν,
1801 4374 1929 4440 piopriis
1949 4367 1979 4420 ol
2001 4364 2081 4420 εἶναι.

453 4477 508 4530 Cic.
527 4479 608 4530 Tuae.
628 4477 642 4528 1
663 4475 709 4538 31,
733 4475 776 4528 77.
810 4473 888 4528 Stoici
900 4483 993 4526 sumar
1012 4489 1115 4525 usumrn
1135 4475 1208 4525 nohis
1227 4473 1383 4537 largiuntur,
1400 4476 1520 4534 nuquam
1540 4467 1698 4520 cornicibus:
1725 4465 1767 4516 thiu
1787 4475 1921 4518 mansuros
1940 4460 2012 4513 aens
2031 4461 2084 4510 eni·

441 4583 522 4630 vmom
543 4583 649 4635 semper,
669 4574 772 4632 negant.
794 4583 831 4606 a·
851 4557 875 4629 ²)
894 4567 970 4630 Diog.
991 4564 1022 4615 L.
1042 4565 1097 4616 vn
1121 4561 1188 4614 tet:
1208 4559 1351 4624 Κλεάνθης
1368 4558 1423 4629 μὲν
1443 4553 1492 4612 οὖν
1511 4553 1602 4612 πάσας
1622 4551 1817 4624 ἐπιδιαμένειν
1834 4553 1916 4619 μέχρι
1935 4551 1978 4611 τῆς
1998 4547 2084 4598 lanu-

453 4655 576 4725 polosmr⁴
618 4655 786 4724 Χρύσιππος
806 4653 852 4716 ut,
879 4657 926 4711 rrlr
945 4659 998 4706 ιιῡν
1016 4655 1115 4720 σοφῶν
1129 4649 1229 4730 μόνον.
1269 4651 1329 4702 Vrd.
1349 4651 1504 4715 menagium.
1546 4648 1601 4704 cie.
1621 4645 1700 4698 Tusc.
1719 4643 1799 4706 131,
1820 4641 1856 4694 il)
1878 4641 1921 4702 lde
1940 4635 2084 4698 Panaetio).

454 4745 496 4800 Ol.
516 4748 620 4814 Lipsius
640 4747 757 4812 Physiol.
777 4746 884 4798 Stoicen.
904 4745 947 4797 111
967 4747 1028 4796 diss.
1047 4745 1097 4794 xt.
1133 4743 1313 4808 Wyttenbaeh.
1333 4757 1421 4808 opusc.
1442 4742 1471 4793 11
1490 4757 1515 4806 p.
1537 4733 1593 4791 att
1613 4752 1668 4802 sqq.
1691 4761 1725 4772 -
1747 4731 1771 4797 ⁸)
1792 4733 1869 4796 Dios.
1890 4731 1921 4782 L.
1941 4729 1968 4782 X
1987 4725 2033 4778 81·
2050 4751 2082 4762 -

450 4831 476 4900 l)
497 4838 598 4889 Lucret.
620 4837 663 4888 111
684 4830 844 4889 798-804.
866 4835 891 4884 V
909 4833 969 4886 176.
992 4857 1027 4870 -
1049 4829 1132 4898 ³)1u.
1155 4831 1295 4884 ilfi-dli.
1310 4853 1343 4866 -·
1360 4823 1384 4890 οι
1404 4829 1545 4882 oto-13.
1568 4819 1710 4878 tto-tt.
1732 4847 1767 4860 -
1788 4813 1812 4888 ²)
1834 4821 1877 4874 Oi.
1897 4819 1953 4872 Cic.
1974 4818 2005 4866 do
2023 4815 2084 4866 tiso

453 4929 532 4978 neos.
553 4929 567 4978 1
587 4925 620 4990 a,
640 4927 666 4979 o.
693 4953 731 4964 -
758 4915 782 4988 8)
804 4923 946 4980 ecs-rt.
975 4951 1009 4962 -
1036 4915 1060 4986 ο)
1083 4923 1138 4976 en.
1158 4922 1236 4974 soso.
1257 4923 1271 4973 1
1291 4919 1317 4985 e,
1338 4919 1364 4973 o.
1389 4921 1418 4971 ιι
1436 4918 1463 4982 a,
1485 4919 1510 4971 ι.
1532 4917 1558 4968 a.
1587 4915 1627 4968 tv
1648 4913 1679 4977 e,
1706 4911 1732 4966 a.
1772 4913 1813 4966 uo
1831 4912 1875 4962 ee.
1895 4910 1911 4961 1
1928 4907 1955 4970 a,
1975 4905 2003 4958 s.
2040 4901 2084 4953 111

456 5015 499 5078 12,
519 5014 565 5067 to.
605 5016 814 5079 aene.12‚5.
836 5043 871 5053 -
896 5013 930 5078 ¹⁰)
953 5015 1007 5067 Cic.
1028 5013 1106 5066 tare.
1126 5015 1141 5066 1
1161 5013 1206 5076 23,
1227 5013 1272 5065 55.
