4780 5634
1113 490 1327 556 ..34-

346 687 457 752 acriter
477 685 665 767 ntmdbmt,
685 703 746 752 oon
767 687 854 770 tagit
881 687 943 754 ded
963 687 1059 754 mnsit
1079 697 1166 770 pcata
1187 689 1522 756 naturum-bonicum
1536 689 1679 754 deammi
1699 700 1807 757 mura
1819 693 2092 776 philosaphantium

345 799 512 870 manduc
532 814 602 864 asae
622 817 747 880 amna,
772 816 841 865 cnm
863 800 953 866 bdem
966 799 1059 865 -aitao
1075 803 1227 866 mmmnis
1248 801 1346 872 odedi
1367 801 1404 865 ad
1427 803 1575 883 culquam
1597 801 1777 885 religionen
1797 808 1916 872 reverti
1935 825 2093 893 ocgman·

346 921 396 978 tur
419 909 460 996 ¹).
503 911 693 994 Quapropter
727 931 835 978 novam
870 913 1040 994 disputandi
1069 913 1147 976 uum
1173 914 1334 996 ingram
1358 913 1492 980 meum
1523 913 1692 978 formidinis
1723 933 1856 980 manas
1879 919 2034 1004 indagaait
2059 927 2090 986 at

346 1024 512 1089 Acherusia
540 1025 649 1106 templa
676 1025 708 1090 in
737 1027 803 1108 ipso
830 1023 984 1090 hominum
1005 1033 1130 1107 pectore
1158 1027 1255 1106 posita
1275 1043 1345 1092 esse
1364 1023 1505 1124 oabcdit.
1549 1023 1614 1088 lloc
1635 1023 1791 1090 camillum
1819 1027 1886 1108 ipsa
1911 1032 2093 1114 significauit

347 1133 387 1198 lll
408 1131 472 1198 0ἳὸ
491 1151 554 1216 sq„
684 1301 693 1327 ι
733 1218 833 1298 Atque
854 1234 908 1298 03,
930 1217 1086 1294 nimirum,
1108 1234 1313 1300 quaecumque
1333 1174 1508 1280 Acherunte
1529 1215 1677 1296 profundo

736 1326 853 1408 prodita
875 1336 945 1392 sunt
967 1345 1052 1408 esse,
1074 1328 1104 1392 in
1127 1328 1186 1390 vita
1207 1335 1279 1393 aunt
1298 1325 1396 1391 omnia
1419 1323 1516 1388 nobist

346 1441 449 1522 ltaque
470 1459 530 1508 uon
552 1457 606 1504 eos
625 1435 741 1502 aaron
761 1445 896 1502 terrores
919 1435 1070 1518 depinxit,
1093 1437 1196 1520 quales
1217 1436 1353 1500 homines
1374 1435 1527 1520 lingebant
1548 1445 1616 1518 post
1638 1436 1714 1500 hauc
1737 1438 1827 1502 vitam
1848 1441 1904 1526 sub
1927 1449 2009 1507 terra
2030 1446 2090 1508 im-

347 1554 511 1633 minentes,
540 1551 594 1616 aed
617 1567 689 1629 eos,
711 1547 819 1630 quibus
841 1548 871 1612 in
893 1548 959 1630 msa
979 1548 1036 1612 bac
1058 1555 1138 1612 terra
1161 1548 1290 1611 cruciari
1312 1547 1386 1612 vidit
1408 1549 1572 1612 viventium
1598 1548 1749 1612 bominum
1772 1551 1888 1615 animus
1910 1555 2008 1632 pravis
2031 1575 2088 1620 cn-

345 1665 516 1746 piditatibus
539 1672 570 1728 et
590 1662 669 1726 inani
690 1679 780 1744 opum
802 1667 832 1722 et
854 1659 972 1744 gloriae
995 1659 1094 1724 studio
1117 1669 1292 1722 occaecatos
1300 1661 1348 1744 3).
1379 1658 1480 1742 Atque
1501 1658 1653 1724 bominum
1674 1660 1747 1738 ilitio¹
1768 1679 1971 1749 perversaque
1992 1667 2089 1730 studia

345 1776 470 1859 castigat
491 1773 684 1838 seuerissime
704 1780 736 1836 et
756 1771 842 1854 quasi
854 1769 980 1836 uulnera
1003 1770 1083 1834 uitae
1105 1772 1300 1854 conqueritur
1314 1779 1345 1834 et
1358 1769 1503 1852 deplorat.
1537 1771 1638 1834 blultis
1659 1771 1764 1854 eisque
1785 1773 1972 1856 grauissimis
1989 1777 2092 1842 verbis

345 1888 469 1968 exponit
489 1887 594 1950 acutis
616 1903 689 1949 suae
711 1883 893 1948 calamitates
923 1882 989 1948 illas
1018 1882 1160 1946 maximos
1180 1883 1355 1948 ex‘misero
1384 1882 1513 1964 partium
1540 1882 1639 1945 stadio
1661 1882 1909 1966 singulorumque
1938 1886 2090 1950 hominum

344 1999 468 2062 auaritia
495 1997 606 2062 inuidia
636 1993 797 2060 ambitione
826 2004 947 2058 exortas
965 1991 1010 2078 3).
1056 1993 1162 2057 Incidit
1191 1993 1270 2056 enim
1292 1993 1424 2059 Lucretii
1455 1992 1583 2074 pueritia
1605 2002 1635 2056 et
1663 1991 1863 2074 adolescentia
1890 1998 1919 2060 in
1942 1997 1991 2060 illa
2014 2007 2092 2062 tem-

346 2128 436 2192 pora,
465 2109 581 2192 quibus.
595 2105 764 2171 discordiae
785 2105 890 2170 civiles
912 2107 990 2168 iuter
1011 2103 1137 2171 hiarium
1160 2113 1189 2168 et
1210 2104 1320 2168 Sullam
1345 2104 1495 2187 ,conlatae
1516 2104 1727 2184 rempublicam
1755 2105 1926 2170 lacerarunt
1948 2118 1978 2172 et
2006 2110 2091 2175 labe·

318 2221 510 2294 ¹lactarunt;
539 2219 614 2282 uidit
640 2217 691 2280 ille
720 2215 865 2282 nefariam
890 2215 1032 2280 Catilinae
1060 2216 1312 2294 coniurationem
1346 2216 1421 2300 vidit
1447 2216 1576 2298 denique
1604 2217 1770 2298 principum
1800 2218 1954 2297 Caesaris,
1981 2221 2092 2300 Crassi,

345 2331 466 2412 Pompei
486 2331 658 2394 societatem
680 2328 899 2412 grauissimam.
942 2327 1003 2392 lllie
1032 2328 1125 2410 igitm
1153 2329 1336 2408 temporibus
1358 2327 1456 2392 omnia
1479 2327 1596 2392 vincola
1618 2335 1650 2392 et
1670 2328 1854 2410 reipublicae
1876 2338 1906 2393 et
1935 2330 2091 2416 religionis

345 2440 814 2522 relaxaricoeptasont.1Tum
837 2438 921 2503 multi
949 2439 1083 2502 homines
1107 2441 1185 2504 vilae
1217 2441 1350 2506 rationes
1381 2439 1421 2507 ad
1447 2457 1530 2504 soem
1560 2438 1712 2508 libidinem
1734 2441 1918 2507 constituere
1951 2460 2010 2506 non
2033 2443 2092 2506 du·

345 2555 492 2630 biberunt,
513 2553 622 2636 parlim
643 2552 680 2616 ad
702 2551 844 2631 rationes,
867 2568 941 2632 quas
969 2549 1203 2632 philosophando
1225 2552 1282 2632 ipsi
1303 2549 1483 2626 effecerant,
1511 2551 1576 2614 sive
1597 2553 1761 2616 honestatis
1789 2553 1853 2616 sive
1875 2551 2035 2632 uoluptatis
2057 2573 2091 2616 se

345 2671 532 2743 coercentes,
541 2666 647 2746 partim
662 2664 856 2728 immoderate
871 2653 1082 2744 cupiditatibus
1090 2666 1291 2749 indulgentes.
1313 2666 1454 2732 Neclicat
1467 2667 1607 2746 dubitari,
1621 2668 1692 2748 quin
1707 2675 1768 2731 tum
1778 2667 1861 2730 multi
1869 2669 2033 2747 extiterint,
2042 2670 2092 2750 qul

347 2797 414 2842 cum
442 2777 561 2858 antiqua
587 2775 734 2860 religione
765 2785 796 2839 et
816 2774 999 2840 Acherontis
1032 2774 1190 2841 tormidine
1219 2777 1334 2842 abiecta
1361 2777 1454 2842 loturi
1483 2777 1630 2857 temporis
1655 2797 1777 2842 sensum
1807 2789 1838 2844 et
1865 2779 2091 2844 immortalitatis

345 2887 494 2971 quoddam
515 2886 696 2952 desiderium
717 2886 913 2968 exstinguere
943 2886 1102 2950 inanimis
1124 2905 1183 2952 uon
1212 2889 1398 2968 potuissent,
1425 2905 1482 2952 suo
1511 2889 1637 2969 quisquo
1660 2889 1748 2954 modo
1771 2890 1898 2954 concinis
1927 2889 2032 2952 lamam
2056 2889 2091 2950 od

344 3007 484 3080 posteros
513 2997 678 3062 transferre
704 3005 736 3062 et
762 3005 883 3062 aeterna
912 2995 1066 3061 hominum
1095 2999 1238 3065 memoria
1264 3008 1414 3064 aeternam
1444 2999 1533 3064 uitam
1560 3001 1619 3064 sibi
1652 3019 1759 3081 parere
1795 3001 1961 3065 studerent.
2006 2999 2091 3074 Quod

344 3111 496 3176 hominum
518 3111 648 3176 studium
666 3107 859 3190 reprehendit
880 3107 1057 3188 Lucretius,
1086 3111 1156 3190 quia
1176 3110 1310 3177 bonaiues
1343 3111 1374 3174 in
1395 3111 1577 3191 acquirenda
1598 3111 1696 3194 gloria
1718 3111 1801 3179 malie
1824 3111 1866 3174 uti
1887 3109 2003 3175 artibus
2024 3111 2092 3173 eai-

250 3247 256 3270 1
344 3223 502 3288 madvertit
522 3231 554 3288 et
581 3222 746 3289 sententiaa
773 3239 889 3284 memor
909 3219 1049 3301 Epicuri,
1077 3221 1129 3302 qui
1157 3238 1285 3284 coronas
1312 3239 1347 3282 ac
1367 3230 1480 3286 statuae
1501 3221 1633 3288 allactari
1656 3218 1853 3303 verberati).
1884 3218 2005 3284 11175:

730 3331 893 3398 intereant
907 3331 1014 3412 partim
1035 3340 1201 3398 statuarum
1221 3341 1252 3395 et
1274 3332 1402 3397 nominis
1424 3350 1511 3416 ergo.

342 3444 402 3510 ssa
414 3445 495 3528 quod
508 3453 665 3526 tantopere
681 3442 831 3508 laborauit
846 3451 880 3506 ut
897 3441 963 3506 aliis
979 3443 1186 3523 persuaderet,
1198 3442 1229 3506 id
1243 3461 1282 3506 nc
1294 3443 1353 3508 albi
1363 3442 1484 3524 quidem
1498 3443 1554 3524 ipsi
1572 3442 1736 3522 persuasit3
1753 3461 1821 3506 nam
1833 3440 1947 3518 altioris
1960 3441 2049 3506 animi
2061 3448 2093 3504 et

343 3565 467 3621 naturae
481 3557 565 3638 quasi
578 3554 705 3637 quodam
716 3555 828 3634 impetu
847 3553 990 3632 abreptus
1010 3553 1074 3633 ipse
1092 3571 1175 3634 spem
1189 3551 1308 3618 haturae
1322 3553 1504 3618 celebritatis
1524 3553 1677 3633 professus
1691 3561 1739 3616 est
1748 3551 1791 3636 ⁵).
1837 3555 1938 3634 Atque
1955 3553 2092 3634 magistri

342 3667 447 3734 laudea
468 3679 606 3735 aeternas
627 3667 717 3732 tantis
739 3665 841 3728 verbis
864 3663 982 3741 extulit,
1003 3673 1037 3727 ut
1058 3663 1130 3730 nibil
1150 3682 1245 3745 paene
1259 3655 1370 3728 distare
1394 3662 1535 3728 astoicis
1558 3664 1704 3743 videatur,
1726 3665 1778 3745 qui
1800 3682 1867 3726 cona
1890 3664 1925 3728 ad
1949 3664 2091 3727 virtutem

342 3781 541 3848 damnandam
564 3797 658 3864 egere
680 3795 714 3842 se
735 3778 902 3841 anmaorum
923 3775 1143 3842 immortabtate
1165 3792 1225 3838 non
1247 3783 1402 3855 putarent,
1435 3784 1532 3839 tameo
1554 3775 1698 3858 egregios
1720 3753 1802 3838 uiro's
1831 3792 1867 3836 ac
1887 3774 2038 3853 sopientes
2060 3772 2089 3834 in

343 3891 520 3960 daemonum
542 3894 591 3956 vel
612 3891 738 3955 heroum
766 3903 894 3952 numero
918 3886 1069 3964 collocare
1091 3903 1152 3950 non
1174 3885 1347 3952 dubitarunt
1366 3883 1409 3968 ⁶).
1454 3885 1557 3966 ltaque
1578 3887 1681 3949 nescio
1703 3903 1740 3950 an
1770 3885 1837 3948 iure
1858 3883 1896 3948 ad
1918 3883 2089 3946 Lucretium

343 4023 463 4090 quoque
483 4004 577 4070 verba
597 4001 726 4066 releram
748 3998 902 4062 Ciceronis
924 3997 999 4061 boec
1020 3997 1146 4062 dicentis
1161 3996 1211 4076 ⁷):
1242 3997 1365 4074 „Quare
1382 3994 1454 4058 licat
1476 3995 1563 4059 etiam
1586 3994 1742 4059 mortalem
1765 4012 1833 4058 esse
1857 3995 1989 4056 animum
2009 3990 2089 4052 iudi-

344 4128 461 4183 cantem
483 4121 605 4180 aeterna
626 4111 727 4176 moliri
747 4127 808 4174 non
831 4109 949 4194 gloriae
963 4109 1137 4190 cupiditate,
1160 4125 1249 4188 quam
1270 4123 1417 4172 sensurus
1433 4123 1493 4168 non
1514 4106 1569 4184 sit,
1590 4106 1644 4171 sed
1658 4104 1791 4182 virtutis,
1815 4123 1901 4184 qaam
1918 4099 2089 4166 necessario

344 4229 458 4314 deria,
481 4229 569 4292 ellam
591 4227 617 4288 sl
640 4233 673 4290 tu
695 4223 726 4286 id
748 4241 806 4286 non
829 4241 921 4304 ogas,
951 4221 1183 4300 consequatur.“
1227 4219 1409 4296 Quamquam
1432 4215 1470 4278 de
1493 4216 1604 4281 virtute
1625 4215 1696 4280 illud
1719 4215 1886 4298 speciosius
1909 4212 2021 4276 dictum
2042 4218 2089 4272 est

344 4357 430 4424 quarn
451 4341 563 4404 uerius.
591 4337 666 4400 Nam
687 4337 784 4400 uirtus
805 4333 854 4398 illa
876 4333 997 4396 lundata
1027 4334 1056 4395 in
1083 4331 1264 4406 rationibus,
1292 4345 1366 4410 quas
1388 4327 1515 4408 quisque
1538 4327 1574 4389 ad
1596 4343 1679 4388 suam
1709 4335 1845 4388 naturam
1875 4324 1960 4386 facile
1989 4328 2088 4382 muta-

344 4453 410 4530 bat,
436 4451 522 4533 vagis
551 4457 640 4530 atque
661 4447 784 4512 incertis
806 4455 837 4510 et
857 4461 966 4507 carens
999 4431 1206 4518 fundamento,
1234 4439 1314 4520 qnod
1335 4438 1366 4500 in
1389 4439 1477 4501 animi
1500 4413 1727 4501 immortalitatis
1749 4447 1780 4502 et
1801 4437 1919 4502 loturae
1939 4431 2087 4496 felicitatis

343 4579 398 4643 spe
417 4561 570 4640 consistit,
603 4557 771 4622 firmissimo
793 4573 853 4618 non
881 4553 977 4636 potuit
1001 4570 1061 4615 non
1091 4553 1247 4616 admodum
1275 4567 1381 4613 manca
1403 4569 1471 4616 esse
1500 4561 1588 4632 atque
1615 4549 1798 4631 imperiecta.
1842 4549 1966 4628 Utrique
1989 4555 2086 4608 autem

344 4670 509 4755 philosophi
531 4680 562 4735 et
575 4669 667 4734 Stoici
686 4677 718 4731 et
730 4667 883 4748 Epicurei,
906 4683 974 4727 cum
989 4663 1071 4728 omni
1086 4664 1173 4725 modo
1189 4671 1222 4726 ut
1236 4661 1324 4725 animi
1353 4662 1521 4726 libertatem
1536 4669 1741 4724 sustentarent
1756 4661 1935 4736 niterentur,
1959 4656 2089 4740 pessime

344 4841 592 4854 -ι-ι-ι--ι-

459 4925 482 4994 ¹)
501 4924 682 4982 ulta-59.
704 4951 739 4964 -·
763 4926 786 4992 ²)
806 4925 1045 4980 meto-1023.
1070 4919 1228 4977 luat-tl.
1250 4948 1286 4960 -
1308 4921 1332 4988 ³)
1353 4939 1376 4974 c.
1391 4917 1512 4976 59-9t.
1534 4921 1559 4972 V
1579 4914 1701 4972 45-49,
1726 4913 1886 4971 tlte-34.
1907 4941 1944 4960 ν-
1964 4912 1987 4974 ⁴)
2008 4913 2087 4974 Dicg.

456 5022 487 5074 L.
498 5023 532 5072 X.
547 5016 608 5073 149.
631 5044 667 5055 -·
689 5019 710 5078 ⁵)
731 5017 897 5070 1921-35.
922 5045 955 5054 -
976 5009 1000 5079 ⁰)
1022 5011 1182 5067 1111-tt.
1207 5010 1365 5068 talu-ta.
1386 5011 1526 5064 Vt-ab.
1547 5009 1586 5060 VI
1611 5007 1710 5060 1-35.
1732 5033 1767 5046 -·-
1789 5007 1812 5072 ⁷)
1831 5008 1910 5058 Taso.
1933 5002 2011 5064 138,
2033 4999 2079 5052 91.
