<?xml version="1.0" encoding="UTF-8"?>
<!DOCTYPE html PUBLIC "-//W3C//DTD XHTML 1.0 Transitional//EN"
    "http://www.w3.org/TR/xhtml1/DTD/xhtml1-transitional.dtd">
<html xmlns="http://www.w3.org/1999/xhtml" xml:lang="en" lang="en">
 <head>
  <title>
</title>
<meta http-equiv="Content-Type" content="text/html;charset=utf-8" />
  <meta name='ocr-system' content='tesseract 3.04.00' />
  <meta name='ocr-capabilities' content='ocr_page ocr_carea ocr_par ocr_line ocrx_word'/>
</head>
<body>
  <div class='ocr_page' id='page_1' title='image "./epicurideanimor00reisgoog_0035.png"; bbox 0 0 4780 5634; ppageno 0'>
   <div class='ocr_carea' id='block_1_1' title="bbox 1087 483 1301 552">
    <p class='ocr_par' dir='ltr' id='par_1_1' title="bbox 1087 483 1301 552">
     <span class='ocr_line' id='line_1_1' title="bbox 1087 483 1301 552; baseline 0 -20"><span class='ocrx_word' id='word_1_1' title='bbox 1087 483 1301 552; x_wconf 76' lang='lat'><strong>..32-</strong></span> 
     </span>
    </p>
   </div>
   <div class='ocr_carea' id='block_1_2' title="bbox 269 681 2112 4224">
    <p class='ocr_par' dir='ltr' id='par_1_2' title="bbox 269 681 2112 4224">
     <span class='ocr_line' id='line_1_2' title="bbox 316 681 2072 773; baseline -0.001 -23"><span class='ocrx_word' id='word_1_2' title='bbox 316 686 425 767; x_wconf 83' lang='lat' dir='ltr'><strong>quibus</strong></span> <span class='ocrx_word' id='word_1_3' title='bbox 455 685 613 766; x_wconf 83' lang='lat' dir='ltr'><strong>probaret,</strong></span> <span class='ocrx_word' id='word_1_4' title='bbox 650 689 896 748; x_wconf 66' lang='lat' dir='ltr'><strong>moriennam</strong></span> <span class='ocrx_word' id='word_1_5' title='bbox 925 683 1112 748; x_wconf 60' lang='lat' dir='ltr'><strong>anomoeis</strong></span> <span class='ocrx_word' id='word_1_6' title='bbox 1134 699 1276 762; x_wconf 74' lang='lat' dir='ltr'><strong>corpore</strong></span> <span class='ocrx_word' id='word_1_7' title='bbox 1292 692 1420 746; x_wconf 73' lang='lat' dir='ltr'><strong>masas</strong></span> <span class='ocrx_word' id='word_1_8' title='bbox 1444 681 1609 767; x_wconf 60' lang='lat' dir='ltr'><strong>mareu.</strong></span> <span class='ocrx_word' id='word_1_9' title='bbox 1662 683 1695 748; x_wconf 90' lang='lat' dir='ltr'><strong>iu</strong></span> <span class='ocrx_word' id='word_1_10' title='bbox 1720 686 1830 755; x_wconf 75' lang='lat' dir='ltr'><strong>eadem</strong></span> <span class='ocrx_word' id='word_1_11' title='bbox 1857 692 2072 773; x_wconf 60' lang='lat' dir='ltr'><strong>mmm</strong></span> 
     </span>
     <span class='ocr_line' id='line_1_3' title="bbox 316 791 2069 880; baseline 0.001 -18"><span class='ocrx_word' id='word_1_12' title='bbox 316 808 431 880; x_wconf 67' lang='lat' dir='ltr'><strong>gernere</strong></span> <span class='ocrx_word' id='word_1_13' title='bbox 446 805 583 861; x_wconf 74' lang='lat' dir='ltr'><strong>versetur</strong></span> <span class='ocrx_word' id='word_1_14' title='bbox 597 793 852 876; x_wconf 62' lang='lat' dir='ltr'><strong>Lucretianum,</strong></span> <span class='ocrx_word' id='word_1_15' title='bbox 874 803 906 858; x_wconf 90' lang='lat' dir='ltr'><strong>ut</strong></span> <span class='ocrx_word' id='word_1_16' title='bbox 921 809 1019 874; x_wconf 83' lang='lat' dir='ltr'><strong>eupru</strong></span> <span class='ocrx_word' id='word_1_17' title='bbox 1034 793 1160 871; x_wconf 69' lang='lat' dir='ltr'><strong>diripis</strong></span> <span class='ocrx_word' id='word_1_18' title='bbox 1177 792 1354 873; x_wconf 72' lang='lat' dir='ltr'><strong>disputando</strong></span> <span class='ocrx_word' id='word_1_19' title='bbox 1366 791 1432 856; x_wconf 83' lang='lat' dir='ltr'><strong>hoa</strong></span> <span class='ocrx_word' id='word_1_20' title='bbox 1445 795 1543 874; x_wconf 79' lang='lat' dir='ltr'><strong>ipsust</strong></span> <span class='ocrx_word' id='word_1_21' title='bbox 1555 794 1686 862; x_wconf 69' lang='lat' dir='ltr'><strong>mesine</strong></span> <span class='ocrx_word' id='word_1_22' title='bbox 1699 793 1826 880; x_wconf 65' lang='lat' dir='ltr'><strong>plauit,</strong></span> <span class='ocrx_word' id='word_1_23' title='bbox 1845 802 2069 872; x_wconf 67' lang='lat' dir='ltr'><strong>animuum</strong></span> 
     </span>
     <span class='ocr_line' id='line_1_4' title="bbox 316 903 2069 996; baseline 0.002 -26"><span class='ocrx_word' id='word_1_24' title='bbox 316 909 348 970; x_wconf 86' lang='lat' dir='ltr'><strong>in</strong></span> <span class='ocrx_word' id='word_1_25' title='bbox 376 909 442 990; x_wconf 88' lang='lat' dir='ltr'><strong>ipso</strong></span> <span class='ocrx_word' id='word_1_26' title='bbox 473 921 603 989; x_wconf 83' lang='lat' dir='ltr'><strong>corpore</strong></span> <span class='ocrx_word' id='word_1_27' title='bbox 625 905 794 973; x_wconf 77' lang='lat' dir='ltr'><strong>dilaniatam</strong></span> <span class='ocrx_word' id='word_1_28' title='bbox 821 923 905 984; x_wconf 86' lang='lat' dir='ltr'><strong>ease,</strong></span> <span class='ocrx_word' id='word_1_29' title='bbox 933 920 1022 987; x_wconf 82' lang='lat' dir='ltr'><strong>qnam</strong></span> <span class='ocrx_word' id='word_1_30' title='bbox 1052 903 1486 972; x_wconf 49' lang='lat' dir='ltr'><strong>enneadecaeteridem</strong></span> <span class='ocrx_word' id='word_1_31' title='bbox 1511 904 1722 986; x_wconf 58' lang='lat' dir='ltr'><strong>diomedem,</strong></span> <span class='ocrx_word' id='word_1_32' title='bbox 1744 908 2069 996; x_wconf 65' lang='lat' dir='ltr'><strong>anininutnimtqns</strong></span> 
     </span>
     <span class='ocr_line' id='line_1_5' title="bbox 317 1015 2112 1108; baseline 0.006 -27"><span class='ocrx_word' id='word_1_33' title='bbox 317 1020 456 1100; x_wconf 79' lang='lat' dir='ltr'><strong>emporis</strong></span> <span class='ocrx_word' id='word_1_34' title='bbox 476 1019 631 1082; x_wconf 85' lang='lat' dir='ltr'><strong>materiem</strong></span> <span class='ocrx_word' id='word_1_35' title='bbox 658 1027 875 1099; x_wconf 85' lang='lat' dir='ltr'><strong>postmortem</strong></span> <span class='ocrx_word' id='word_1_36' title='bbox 904 1015 1061 1097; x_wconf 51' lang='lat' dir='ltr'><strong>wando</strong></span> <span class='ocrx_word' id='word_1_37' title='bbox 1082 1017 1114 1080; x_wconf 88' lang='lat' dir='ltr'><strong>io</strong></span> <span class='ocrx_word' id='word_1_38' title='bbox 1134 1017 1297 1096; x_wconf 69' lang='lat' dir='ltr'><strong>&#39;pristinam</strong></span> <span class='ocrx_word' id='word_1_39' title='bbox 1323 1015 1450 1082; x_wconf 70' lang='lat' dir='ltr'><strong>iorum</strong></span> <span class='ocrx_word' id='word_1_40' title='bbox 1470 1033 1564 1096; x_wconf 84' lang='lat' dir='ltr'><strong>posse</strong></span> <span class='ocrx_word' id='word_1_41' title='bbox 1587 1017 1711 1094; x_wconf 57' lang='lat' dir='ltr'><strong>newa</strong></span> <span class='ocrx_word' id='word_1_42' title='bbox 1739 1020 1797 1084; x_wconf 89' lang='lat' dir='ltr'><strong>sed</strong></span> <span class='ocrx_word' id='word_1_43' title='bbox 1829 1026 2067 1108; x_wconf 68' lang='lat' dir='ltr'><strong>cormacum</strong></span> <span class='ocrx_word' id='word_1_44' title='bbox 2107 1089 2112 1096; x_wconf 84' lang='grc'>,</span> 
     </span>
     <span class='ocr_line' id='line_1_6' title="bbox 317 1125 1639 1214; baseline -0.003 -20"><span class='ocrx_word' id='word_1_45' title='bbox 317 1144 386 1196; x_wconf 88' lang='lat' dir='ltr'><strong>asso</strong></span> <span class='ocrx_word' id='word_1_46' title='bbox 406 1141 552 1195; x_wconf 79' lang='lat' dir='ltr'><strong>suasores</strong></span> <span class='ocrx_word' id='word_1_47' title='bbox 571 1141 690 1214; x_wconf 59' lang='lat' dir='ltr'><strong>umet.</strong></span> <span class='ocrx_word' id='word_1_48' title='bbox 720 1125 762 1192; x_wconf 90' lang='lat' dir='ltr'><strong>lli</strong></span> <span class='ocrx_word' id='word_1_49' title='bbox 783 1128 950 1192; x_wconf 65' lang='lat' dir='ltr'><strong>dib-50:</strong></span> <span class='ocrx_word' id='word_1_50' title='bbox 1283 1155 1286 1163; x_wconf 57' lang='grc'><strong><em>&lt;</em></strong></span> <span class='ocrx_word' id='word_1_51' title='bbox 1635 1157 1639 1166; x_wconf 89' lang='lat'><strong>.</strong></span> 
     </span>
     <span class='ocr_line' id='line_1_7' title="bbox 704 1237 1502 1320; baseline -0.01 -16"><span class='ocrx_word' id='word_1_52' title='bbox 704 1258 778 1318; x_wconf 77' lang='lat' dir='ltr'><strong>nec,</strong></span> <span class='ocrx_word' id='word_1_53' title='bbox 801 1241 1003 1304; x_wconf 62' lang='lat' dir='ltr'><strong>enantion</strong></span> <span class='ocrx_word' id='word_1_54' title='bbox 1025 1245 1164 1302; x_wconf 73' lang='lat' dir='ltr'><strong>nostrane</strong></span> <span class='ocrx_word' id='word_1_55' title='bbox 1182 1237 1341 1320; x_wconf 60' lang='lat' dir='ltr'><strong>colimrit</strong></span> <span class='ocrx_word' id='word_1_56' title='bbox 1361 1246 1444 1302; x_wconf 83' lang='lat' dir='ltr'><strong>aetas</strong></span> <span class='ocrx_word' id='word_1_57' title='bbox 1500 1289 1502 1296; x_wconf 93' lang='lat'><strong>.</strong></span> 
     </span>
     <span class='ocr_line' id='line_1_8' title="bbox 706 1350 1611 1434; baseline 0 -19"><span class='ocrx_word' id='word_1_58' title='bbox 706 1362 775 1434; x_wconf 81' lang='lat' dir='ltr'><strong>poet</strong></span> <span class='ocrx_word' id='word_1_59' title='bbox 796 1353 909 1416; x_wconf 89' lang='lat' dir='ltr'><strong>obitum</strong></span> <span class='ocrx_word' id='word_1_60' title='bbox 931 1365 1112 1432; x_wconf 86' lang='lat' dir='ltr'><strong>rursumque</strong></span> <span class='ocrx_word' id='word_1_61' title='bbox 1135 1351 1290 1432; x_wconf 61' lang='lat' dir='ltr'><strong>Maponit</strong></span> <span class='ocrx_word' id='word_1_62' title='bbox 1312 1359 1346 1414; x_wconf 90' lang='lat' dir='ltr'><strong>ut</strong></span> <span class='ocrx_word' id='word_1_63' title='bbox 1364 1350 1422 1414; x_wconf 85' lang='lat' dir='ltr'><strong>sits</strong></span> <span class='ocrx_word' id='word_1_64' title='bbox 1445 1366 1526 1414; x_wconf 80' lang='lat' dir='ltr'><strong>natac</strong></span> <span class='ocrx_word' id='word_1_65' title='bbox 1543 1359 1611 1426; x_wconf 86' lang='lat' dir='ltr'><strong>est,</strong></span> 
     </span>
     <span class='ocr_line' id='line_1_9' title="bbox 707 1459 1509 1546; baseline -0.001 -20"><span class='ocrx_word' id='word_1_66' title='bbox 707 1473 797 1546; x_wconf 76' lang='lat' dir='ltr'><strong>etque</strong></span> <span class='ocrx_word' id='word_1_67' title='bbox 818 1465 927 1528; x_wconf 74' lang='lat' dir='ltr'><strong>itmum</strong></span> <span class='ocrx_word' id='word_1_68' title='bbox 949 1463 1037 1526; x_wconf 88' lang='lat' dir='ltr'><strong>nobis</strong></span> <span class='ocrx_word' id='word_1_69' title='bbox 1058 1459 1259 1526; x_wconf 77' lang='lat' dir='ltr'><strong>tuerintdna</strong></span> <span class='ocrx_word' id='word_1_70' title='bbox 1281 1459 1391 1526; x_wconf 87' lang='lat' dir='ltr'><strong>lumina</strong></span> <span class='ocrx_word' id='word_1_71' title='bbox 1413 1462 1509 1542; x_wconf 82' lang='lat' dir='ltr'><strong>vitea,</strong></span> 
     </span>
     <span class='ocr_line' id='line_1_10' title="bbox 705 1566 1635 1657; baseline 0.001 -18"><span class='ocrx_word' id='word_1_72' title='bbox 705 1575 855 1656; x_wconf 69' lang='lat' dir='ltr'><strong>perduint</strong></span> <span class='ocrx_word' id='word_1_73' title='bbox 876 1575 1034 1655; x_wconf 71' lang='lat' dir='ltr'><strong>quicquain</strong></span> <span class='ocrx_word' id='word_1_74' title='bbox 1055 1581 1155 1636; x_wconf 86' lang='lat' dir='ltr'><strong>tumen</strong></span> <span class='ocrx_word' id='word_1_75' title='bbox 1176 1573 1214 1636; x_wconf 89' lang='lat' dir='ltr'><strong>ud</strong></span> <span class='ocrx_word' id='word_1_76' title='bbox 1237 1591 1294 1638; x_wconf 86' lang='lat' dir='ltr'><strong>noe</strong></span> <span class='ocrx_word' id='word_1_77' title='bbox 1315 1575 1344 1638; x_wconf 89' lang='lat' dir='ltr'><strong>id</strong></span> <span class='ocrx_word' id='word_1_78' title='bbox 1366 1566 1486 1656; x_wconf 69' lang='lat' dir='ltr'><strong>moene</strong></span> <span class='ocrx_word' id='word_1_79' title='bbox 1508 1576 1635 1657; x_wconf 75' lang='lat' dir='ltr'><strong>bean,</strong></span> 
     </span>
     <span class='ocr_line' id='line_1_11' title="bbox 703 1685 1448 1767; baseline -0.003 -17"><span class='ocrx_word' id='word_1_80' title='bbox 703 1688 872 1767; x_wconf 88' lang='lat' dir='ltr'><strong>interrupte</strong></span> <span class='ocrx_word' id='word_1_81' title='bbox 894 1685 987 1750; x_wconf 89' lang='lat' dir='ltr'><strong>semel</strong></span> <span class='ocrx_word' id='word_1_82' title='bbox 1010 1701 1078 1748; x_wconf 82' lang='lat' dir='ltr'><strong>curn</strong></span> <span class='ocrx_word' id='word_1_83' title='bbox 1100 1687 1140 1749; x_wconf 88' lang='lat' dir='ltr'><strong>sit</strong></span> <span class='ocrx_word' id='word_1_84' title='bbox 1160 1687 1320 1752; x_wconf 74' lang='lat' dir='ltr'><strong>retinentia</strong></span> <span class='ocrx_word' id='word_1_85' title='bbox 1342 1688 1448 1750; x_wconf 73' lang='lat' dir='ltr'><strong>nonni.</strong></span> 
     </span>
     <span class='ocr_line' id='line_1_12' title="bbox 316 1796 2062 1881; baseline 0.002 -19"><span class='ocrx_word' id='word_1_86' title='bbox 316 1803 410 1876; x_wconf 83' lang='lat' dir='ltr'><strong>Quam</strong></span> <span class='ocrx_word' id='word_1_87' title='bbox 433 1801 605 1880; x_wconf 81' lang='lat' dir='ltr'><strong>opinionem</strong></span> <span class='ocrx_word' id='word_1_88' title='bbox 627 1799 667 1864; x_wconf 88' lang='lat' dir='ltr'><strong>li.</strong></span> <span class='ocrx_word' id='word_1_89' title='bbox 690 1796 849 1864; x_wconf 73' lang='lat' dir='ltr'>Terentius</span> <span class='ocrx_word' id='word_1_90' title='bbox 872 1798 969 1860; x_wconf 81' lang='lat' dir='ltr'><strong>Varro</strong></span> <span class='ocrx_word' id='word_1_91' title='bbox 992 1798 1021 1860; x_wconf 92' lang='lat' dir='ltr'><strong>in</strong></span> <span class='ocrx_word' id='word_1_92' title='bbox 1044 1797 1146 1875; x_wconf 85' lang='lat' dir='ltr'><strong>libris,</strong></span> <span class='ocrx_word' id='word_1_93' title='bbox 1173 1815 1250 1879; x_wconf 79' lang='lat' dir='ltr'><strong>quos</strong></span> <span class='ocrx_word' id='word_1_94' title='bbox 1270 1799 1452 1879; x_wconf 87' lang='lat' dir='ltr'><strong>conscripsit</strong></span> <span class='ocrx_word' id='word_1_95' title='bbox 1472 1799 1510 1862; x_wconf 90' lang='lat' dir='ltr'><strong>de</strong></span> <span class='ocrx_word' id='word_1_96' title='bbox 1532 1809 1624 1881; x_wconf 83' lang='lat' dir='ltr'><strong>gente</strong></span> <span class='ocrx_word' id='word_1_97' title='bbox 1647 1801 1747 1881; x_wconf 75' lang='lat' dir='ltr'><strong>popuii</strong></span> <span class='ocrx_word' id='word_1_98' title='bbox 1769 1800 1904 1877; x_wconf 78' lang='lat' dir='ltr'><strong>humani,</strong></span> <span class='ocrx_word' id='word_1_99' title='bbox 1924 1819 2062 1866; x_wconf 82' lang='lat' dir='ltr'><strong>comne-</strong></span> 
     </span>
     <span class='ocr_line' id='line_1_13' title="bbox 315 1901 2105 1995; baseline 0.002 -23"><span class='ocrx_word' id='word_1_100' title='bbox 315 1911 444 1974; x_wconf 83' lang='lat' dir='ltr'><strong>muravit</strong></span> <span class='ocrx_word' id='word_1_101' title='bbox 476 1911 522 1973; x_wconf 87' lang='lat' dir='ltr'><strong>bis</strong></span> <span class='ocrx_word' id='word_1_102' title='bbox 550 1909 651 1972; x_wconf 82' lang='lat' dir='ltr'><strong>verbis</strong></span> <span class='ocrx_word' id='word_1_103' title='bbox 669 1909 719 1992; x_wconf 81' lang='lat' dir='ltr'><strong>¹)r</strong></span> <span class='ocrx_word' id='word_1_104' title='bbox 763 1907 968 1986; x_wconf 80' lang='lat' dir='ltr'><strong>„Genethliaci</strong></span> <span class='ocrx_word' id='word_1_105' title='bbox 1004 1907 1123 1988; x_wconf 74' lang='lat' dir='ltr'><strong>quidm</strong></span> <span class='ocrx_word' id='word_1_106' title='bbox 1152 1910 1341 1990; x_wconf 86' lang='lat' dir='ltr'><strong>seripserunt</strong></span> <span class='ocrx_word' id='word_1_107' title='bbox 1374 1927 1444 1974; x_wconf 87' lang='lat' dir='ltr'><strong>esse</strong></span> <span class='ocrx_word' id='word_1_108' title='bbox 1478 1913 1508 1974; x_wconf 92' lang='lat' dir='ltr'><strong>in</strong></span> <span class='ocrx_word' id='word_1_109' title='bbox 1544 1913 1737 1976; x_wconf 77' lang='lat' dir='ltr'><strong>renascendis</strong></span> <span class='ocrx_word' id='word_1_110' title='bbox 1774 1913 1943 1978; x_wconf 86' lang='lat' dir='ltr'><strong>horninibus</strong></span> <span class='ocrx_word' id='word_1_111' title='bbox 1973 1930 2061 1995; x_wconf 85' lang='lat' dir='ltr'><strong>quam</strong></span> <span class='ocrx_word' id='word_1_112' title='bbox 2101 1901 2105 1910; x_wconf 79' lang='grc'><strong><em>’</em></strong></span> 
     </span>
     <span class='ocr_line' id='line_1_14' title="bbox 269 2017 2061 2108; baseline 0.003 -24"><span class='ocrx_word' id='word_1_113' title='bbox 269 2035 273 2043; x_wconf 79' lang='lat'><strong>·</strong></span> <span class='ocrx_word' id='word_1_114' title='bbox 313 2021 466 2102; x_wconf 87' lang='lat' dir='ltr'><strong>appeliant</strong></span> <span class='ocrx_word' id='word_1_115' title='bbox 495 2017 731 2102; x_wconf 70' lang='grc' dir='ltr'><strong><em>παλιγγενεσίαν</em></strong></span> <span class='ocrx_word' id='word_1_116' title='bbox 761 2020 883 2084; x_wconf 85' lang='lat' dir='ltr'><strong>Graeci:</strong></span> <span class='ocrx_word' id='word_1_117' title='bbox 927 2019 984 2082; x_wconf 85' lang='lat' dir='ltr'><strong>huc</strong></span> <span class='ocrx_word' id='word_1_118' title='bbox 1017 2021 1205 2100; x_wconf 86' lang='lat' dir='ltr'><strong>seripserunt</strong></span> <span class='ocrx_word' id='word_1_119' title='bbox 1231 2021 1339 2084; x_wconf 86' lang='lat' dir='ltr'><strong>eunici</strong></span> <span class='ocrx_word' id='word_1_120' title='bbox 1374 2023 1405 2083; x_wconf 89' lang='lat' dir='ltr'><strong>in</strong></span> <span class='ocrx_word' id='word_1_121' title='bbox 1439 2023 1528 2086; x_wconf 85' lang='lat' dir='ltr'><strong>annis</strong></span> <span class='ocrx_word' id='word_1_122' title='bbox 1559 2041 1686 2088; x_wconf 87' lang='lat' dir='ltr'><strong>numero</strong></span> <span class='ocrx_word' id='word_1_123' title='bbox 1721 2025 1950 2108; x_wconf 77' lang='lat' dir='ltr'><strong>quadringentis</strong></span> <span class='ocrx_word' id='word_1_124' title='bbox 1983 2043 2061 2107; x_wconf 79' lang='lat' dir='ltr'><strong>qur-</strong></span> 
     </span>
     <span class='ocr_line' id='line_1_15' title="bbox 314 2131 2060 2216; baseline 0.003 -20"><span class='ocrx_word' id='word_1_125' title='bbox 314 2133 469 2215; x_wconf 79' lang='lat' dir='ltr'><strong>drapinta‚</strong></span> <span class='ocrx_word' id='word_1_126' title='bbox 497 2141 531 2196; x_wconf 85' lang='lat' dir='ltr'><strong>ut</strong></span> <span class='ocrx_word' id='word_1_127' title='bbox 552 2131 630 2195; x_wconf 83' lang='lat' dir='ltr'><strong>idem</strong></span> <span class='ocrx_word' id='word_1_128' title='bbox 653 2151 763 2212; x_wconf 89' lang='lat' dir='ltr'><strong>corpus</strong></span> <span class='ocrx_word' id='word_1_129' title='bbox 791 2142 822 2194; x_wconf 92' lang='lat' dir='ltr'><strong>et</strong></span> <span class='ocrx_word' id='word_1_130' title='bbox 844 2131 948 2193; x_wconf 90' lang='lat' dir='ltr'><strong>eadem</strong></span> <span class='ocrx_word' id='word_1_131' title='bbox 974 2132 1090 2209; x_wconf 85' lang='lat' dir='ltr'><strong>anima,</strong></span> <span class='ocrx_word' id='word_1_132' title='bbox 1118 2147 1195 2212; x_wconf 82' lang='lat' dir='ltr'><strong>puae</strong></span> <span class='ocrx_word' id='word_1_133' title='bbox 1223 2132 1335 2196; x_wconf 80' lang='lat' dir='ltr'><strong>inerint</strong></span> <span class='ocrx_word' id='word_1_134' title='bbox 1356 2134 1515 2196; x_wconf 85' lang='lat' dir='ltr'><strong>coniuncta</strong></span> <span class='ocrx_word' id='word_1_135' title='bbox 1543 2135 1574 2196; x_wconf 91' lang='lat' dir='ltr'><strong>iu</strong></span> <span class='ocrx_word' id='word_1_136' title='bbox 1601 2136 1721 2198; x_wconf 87' lang='lat' dir='ltr'><strong>humina</strong></span> <span class='ocrx_word' id='word_1_137' title='bbox 1747 2135 1924 2216; x_wconf 81' lang='lat' dir='ltr'><strong>aliquando,</strong></span> <span class='ocrx_word' id='word_1_138' title='bbox 1954 2137 2060 2201; x_wconf 87' lang='lat' dir='ltr'><strong>eudem</strong></span> 
     </span>
     <span class='ocr_line' id='line_1_16' title="bbox 314 2217 2057 2326; baseline 0.002 -20"><span class='ocrx_word' id='word_1_139' title='bbox 314 2260 420 2307; x_wconf 88' lang='lat' dir='ltr'><strong>rursus</strong></span> <span class='ocrx_word' id='word_1_140' title='bbox 457 2243 582 2307; x_wconf 78' lang='lat' dir='ltr'><strong>redeant</strong></span> <span class='ocrx_word' id='word_1_141' title='bbox 618 2245 647 2305; x_wconf 91' lang='lat' dir='ltr'><strong>in</strong></span> <span class='ocrx_word' id='word_1_142' title='bbox 683 2227 957 2306; x_wconf 57' lang='lat' dir='ltr'><strong>coniunctissimis</strong></span> <span class='ocrx_word' id='word_1_143' title='bbox 1000 2239 1064 2304; x_wconf 87' lang='lat' dir='ltr'><strong>Nec</strong></span> <span class='ocrx_word' id='word_1_144' title='bbox 1096 2259 1173 2304; x_wconf 76' lang='lat' dir='ltr'><strong>nero</strong></span> <span class='ocrx_word' id='word_1_145' title='bbox 1206 2243 1366 2306; x_wconf 86' lang='lat' dir='ltr'><strong>Lueretius</strong></span> <span class='ocrx_word' id='word_1_146' title='bbox 1401 2217 1522 2324; x_wconf 74' lang='lat' dir='ltr'><strong>Epicuri</strong></span> <span class='ocrx_word' id='word_1_147' title='bbox 1554 2255 1586 2308; x_wconf 85' lang='lat' dir='ltr'><strong>et</strong></span> <span class='ocrx_word' id='word_1_148' title='bbox 1622 2246 1806 2310; x_wconf 74' lang='lat' dir='ltr'><strong>Grnoeorum</strong></span> <span class='ocrx_word' id='word_1_149' title='bbox 1839 2247 2057 2326; x_wconf 87' lang='lat' dir='ltr'><strong>discipulorum</strong></span> 
     </span>
     <span class='ocr_line' id='line_1_17' title="bbox 313 2351 2097 2438; baseline 0.004 -21"><span class='ocrx_word' id='word_1_150' title='bbox 313 2355 516 2437; x_wconf 76' lang='lat' dir='ltr'><strong>arrogantiam</strong></span> <span class='ocrx_word' id='word_1_151' title='bbox 529 2353 609 2416; x_wconf 88' lang='lat' dir='ltr'><strong>iilam</strong></span> <span class='ocrx_word' id='word_1_152' title='bbox 623 2353 849 2418; x_wconf 80' lang='lat' dir='ltr'><strong>contradicendi</strong></span> <span class='ocrx_word' id='word_1_153' title='bbox 863 2361 894 2414; x_wconf 92' lang='lat' dir='ltr'><strong>et</strong></span> <span class='ocrx_word' id='word_1_154' title='bbox 915 2351 1046 2416; x_wconf 88' lang='lat' dir='ltr'><strong>studium</strong></span> <span class='ocrx_word' id='word_1_155' title='bbox 1060 2352 1217 2416; x_wconf 83' lang='lat' dir='ltr'><strong>cavillandi</strong></span> <span class='ocrx_word' id='word_1_156' title='bbox 1239 2354 1586 2419; x_wconf 79' lang='lat' dir='ltr'><strong>imitatnubammrttun</strong></span> <span class='ocrx_word' id='word_1_157' title='bbox 1609 2357 1812 2438; x_wconf 79' lang='lat' dir='ltr'><strong>reprehendit.</strong></span> <span class='ocrx_word' id='word_1_158' title='bbox 1836 2359 1943 2424; x_wconf 79' lang='lat' dir='ltr'><strong>Procul</strong></span> <span class='ocrx_word' id='word_1_159' title='bbox 1966 2360 2057 2425; x_wconf 85' lang='lat' dir='ltr'><strong>dubio</strong></span> <span class='ocrx_word' id='word_1_160' title='bbox 2094 2401 2097 2410; x_wconf 89' lang='lat'><strong>.</strong></span> 
     </span>
     <span class='ocr_line' id='line_1_18' title="bbox 311 2461 2059 2549; baseline 0.005 -25"><span class='ocrx_word' id='word_1_161' title='bbox 311 2465 403 2544; x_wconf 81' lang='lat' dir='ltr'><strong>uidit,</strong></span> <span class='ocrx_word' id='word_1_162' title='bbox 434 2465 644 2528; x_wconf 76' lang='lat' dir='ltr'><strong>dementiore</strong></span> <span class='ocrx_word' id='word_1_163' title='bbox 673 2465 830 2546; x_wconf 79' lang='lat' dir='ltr'><strong>diligentia</strong></span> <span class='ocrx_word' id='word_1_164' title='bbox 858 2474 890 2528; x_wconf 91' lang='lat' dir='ltr'><strong>et</strong></span> <span class='ocrx_word' id='word_1_165' title='bbox 916 2465 1069 2544; x_wconf 85' lang='lat' dir='ltr'><strong>nequiore</strong></span> <span class='ocrx_word' id='word_1_166' title='bbox 1087 2465 1186 2527; x_wconf 80' lang='lat' dir='ltr'><strong>antam</strong></span> <span class='ocrx_word' id='word_1_167' title='bbox 1212 2464 1376 2530; x_wconf 74' lang='lat' dir='ltr'><strong>Democriti</strong></span> <span class='ocrx_word' id='word_1_168' title='bbox 1403 2467 1526 2531; x_wconf 88' lang='lat' dir='ltr'><strong>decreta</strong></span> <span class='ocrx_word' id='word_1_169' title='bbox 1558 2471 1767 2549; x_wconf 70' lang='lat' dir='ltr'><strong>pmqutrcaet,</strong></span> <span class='ocrx_word' id='word_1_170' title='bbox 1796 2461 1944 2534; x_wconf 81' lang='lat' dir='ltr'><strong>immerito</strong></span> <span class='ocrx_word' id='word_1_171' title='bbox 1976 2469 2059 2533; x_wconf 80' lang='lat' dir='ltr'><strong>ilium</strong></span> 
     </span>
     <span class='ocr_line' id='line_1_19' title="bbox 311 2553 2060 2660; baseline 0.003 -22"><span class='ocrx_word' id='word_1_172' title='bbox 311 2575 349 2638; x_wconf 91' lang='lat' dir='ltr'><strong>ab</strong></span> <span class='ocrx_word' id='word_1_173' title='bbox 370 2575 502 2656; x_wconf 86' lang='lat' dir='ltr'><strong>Epicuro</strong></span> <span class='ocrx_word' id='word_1_174' title='bbox 524 2583 624 2639; x_wconf 90' lang='lat' dir='ltr'><strong>tantae</strong></span> <span class='ocrx_word' id='word_1_175' title='bbox 645 2553 859 2639; x_wconf 80' lang='lat' dir='ltr'><strong>sententiarum</strong></span> <span class='ocrx_word' id='word_1_176' title='bbox 881 2575 1098 2638; x_wconf 81' lang='lat' dir='ltr'><strong>inconstantiae</strong></span> <span class='ocrx_word' id='word_1_177' title='bbox 1119 2577 1254 2639; x_wconf 83' lang='lat' dir='ltr'><strong>accusari</strong></span> <span class='ocrx_word' id='word_1_178' title='bbox 1269 2576 1315 2660; x_wconf 87' lang='lat'><strong>²).</strong></span> <span class='ocrx_word' id='word_1_179' title='bbox 1358 2579 1443 2652; x_wconf 81' lang='lat' dir='ltr'><strong>Quod</strong></span> <span class='ocrx_word' id='word_1_180' title='bbox 1466 2581 1544 2642; x_wconf 89' lang='lat' dir='ltr'><strong>enim</strong></span> <span class='ocrx_word' id='word_1_181' title='bbox 1567 2577 1665 2644; x_wconf 85' lang='lat' dir='ltr'><strong>Procli</strong></span> <span class='ocrx_word' id='word_1_182' title='bbox 1687 2581 1859 2646; x_wconf 85' lang='lat' dir='ltr'><strong>testimonio</strong></span> <span class='ocrx_word' id='word_1_183' title='bbox 1880 2588 2006 2660; x_wconf 77' lang='lat' dir='ltr'><strong>constat,</strong></span> <span class='ocrx_word' id='word_1_184' title='bbox 2027 2581 2060 2644; x_wconf 90' lang='lat' dir='ltr'><strong>in</strong></span> 
     </span>
     <span class='ocr_line' id='line_1_20' title="bbox 310 2685 2058 2774; baseline 0.003 -24"><span class='ocrx_word' id='word_1_185' title='bbox 310 2687 363 2750; x_wconf 89' lang='lat' dir='ltr'><strong>iiio</strong></span> <span class='ocrx_word' id='word_1_186' title='bbox 384 2687 504 2768; x_wconf 88' lang='lat' dir='ltr'><strong>quidem</strong></span> <span class='ocrx_word' id='word_1_187' title='bbox 525 2687 564 2751; x_wconf 89' lang='lat' dir='ltr'><strong>de</strong></span> <span class='ocrx_word' id='word_1_188' title='bbox 585 2687 689 2750; x_wconf 87' lang='lat' dir='ltr'><strong>inieris</strong></span> <span class='ocrx_word' id='word_1_189' title='bbox 711 2685 787 2750; x_wconf 90' lang='lat' dir='ltr'><strong>libro</strong></span> <span class='ocrx_word' id='word_1_190' title='bbox 802 2687 992 2751; x_wconf 84' lang='lat' dir='ltr'><strong>Democritus</strong></span> <span class='ocrx_word' id='word_1_191' title='bbox 1013 2687 1158 2766; x_wconf 83' lang='lat' dir='ltr'><strong>exemplis</strong></span> <span class='ocrx_word' id='word_1_192' title='bbox 1179 2687 1354 2752; x_wconf 65' lang='lat' dir='ltr'><strong>omunstat</strong></span> <span class='ocrx_word' id='word_1_193' title='bbox 1372 2689 1511 2754; x_wconf 79' lang='lat' dir='ltr'><strong>occidere</strong></span> <span class='ocrx_word' id='word_1_194' title='bbox 1533 2707 1754 2772; x_wconf 83' lang='lat' dir='ltr'><strong>nonnunquam,</strong></span> <span class='ocrx_word' id='word_1_195' title='bbox 1777 2700 1811 2756; x_wconf 90' lang='lat' dir='ltr'><strong>ut</strong></span> <span class='ocrx_word' id='word_1_196' title='bbox 1825 2693 1892 2773; x_wconf 88' lang='lat' dir='ltr'><strong>quis</strong></span> <span class='ocrx_word' id='word_1_197' title='bbox 1914 2693 2058 2774; x_wconf 79' lang='lat' dir='ltr'><strong>praviore</strong></span> 
     </span>
     <span class='ocr_line' id='line_1_21' title="bbox 313 2797 2057 2883; baseline 0.002 -21"><span class='ocrx_word' id='word_1_198' title='bbox 313 2797 441 2880; x_wconf 86' lang='lat' dir='ltr'><strong>quodam</strong></span> <span class='ocrx_word' id='word_1_199' title='bbox 463 2799 525 2862; x_wconf 90' lang='lat' dir='ltr'><strong>ictu</strong></span> <span class='ocrx_word' id='word_1_200' title='bbox 546 2815 709 2878; x_wconf 85' lang='lat' dir='ltr'><strong>percussus</strong></span> <span class='ocrx_word' id='word_1_201' title='bbox 730 2807 819 2878; x_wconf 83' lang='lat' dir='ltr'><strong>atque</strong></span> <span class='ocrx_word' id='word_1_202' title='bbox 841 2813 1005 2878; x_wconf 88' lang='lat' dir='ltr'><strong>oppressus</strong></span> <span class='ocrx_word' id='word_1_203' title='bbox 1027 2813 1097 2860; x_wconf 89' lang='lat' dir='ltr'><strong>mox</strong></span> <span class='ocrx_word' id='word_1_204' title='bbox 1112 2797 1156 2860; x_wconf 64' lang='lat' dir='ltr'><strong>‘nd</strong></span> <span class='ocrx_word' id='word_1_205' title='bbox 1178 2799 1267 2861; x_wconf 80' lang='lat' dir='ltr'><strong>uitam</strong></span> <span class='ocrx_word' id='word_1_206' title='bbox 1289 2800 1418 2875; x_wconf 86' lang='lat' dir='ltr'><strong>rediret;</strong></span> <span class='ocrx_word' id='word_1_207' title='bbox 1446 2803 1532 2864; x_wconf 87' lang='lat' dir='ltr'><strong>cuius</strong></span> <span class='ocrx_word' id='word_1_208' title='bbox 1554 2805 1601 2864; x_wconf 91' lang='lat' dir='ltr'><strong>rei</strong></span> <span class='ocrx_word' id='word_1_209' title='bbox 1622 2819 1759 2866; x_wconf 70' lang='lat' dir='ltr'><strong>neumam</strong></span> <span class='ocrx_word' id='word_1_210' title='bbox 1780 2821 1869 2879; x_wconf 85' lang='lat' dir='ltr'><strong>esse,</strong></span> <span class='ocrx_word' id='word_1_211' title='bbox 1898 2803 1979 2883; x_wconf 87' lang='lat' dir='ltr'><strong>quod</strong></span> <span class='ocrx_word' id='word_1_212' title='bbox 2002 2821 2057 2865; x_wconf 85' lang='lat' dir='ltr'><strong>se·</strong></span> 
     </span>
     <span class='ocr_line' id='line_1_22' title="bbox 312 2908 2060 2993; baseline 0 -21"><span class='ocrx_word' id='word_1_213' title='bbox 312 2911 391 2972; x_wconf 87' lang='lat' dir='ltr'><strong>mina</strong></span> <span class='ocrx_word' id='word_1_214' title='bbox 413 2908 556 2988; x_wconf 87' lang='lat' dir='ltr'><strong>quaedam</strong></span> <span class='ocrx_word' id='word_1_215' title='bbox 578 2908 677 2973; x_wconf 85' lang='lat' dir='ltr'><strong>vitalia</strong></span> <span class='ocrx_word' id='word_1_216' title='bbox 699 2909 729 2970; x_wconf 92' lang='lat' dir='ltr'><strong>in</strong></span> <span class='ocrx_word' id='word_1_217' title='bbox 752 2909 861 2971; x_wconf 89' lang='lat' dir='ltr'><strong>intimis</strong></span> <span class='ocrx_word' id='word_1_218' title='bbox 883 2909 983 2970; x_wconf 89' lang='lat' dir='ltr'><strong>cordis</strong></span> <span class='ocrx_word' id='word_1_219' title='bbox 1004 2909 1176 2971; x_wconf 87' lang='lat' dir='ltr'><strong>recessibus</strong></span> <span class='ocrx_word' id='word_1_220' title='bbox 1198 2909 1319 2974; x_wconf 89' lang='lat' dir='ltr'><strong>latentia</strong></span> <span class='ocrx_word' id='word_1_221' title='bbox 1341 2913 1572 2991; x_wconf 86' lang='lat' dir='ltr'><strong>remansissent,</strong></span> <span class='ocrx_word' id='word_1_222' title='bbox 1595 2912 1702 2993; x_wconf 80' lang='lat' dir='ltr'><strong>qmbus</strong></span> <span class='ocrx_word' id='word_1_223' title='bbox 1719 2913 1854 2977; x_wconf 86' lang='lat' dir='ltr'><strong>collectis</strong></span> <span class='ocrx_word' id='word_1_224' title='bbox 1877 2913 1936 2975; x_wconf 80' lang='lat' dir='ltr'><strong>uita</strong></span> <span class='ocrx_word' id='word_1_225' title='bbox 1958 2913 2060 2976; x_wconf 91' lang='lat' dir='ltr'><strong>denuo</strong></span> 
     </span>
     <span class='ocr_line' id='line_1_23' title="bbox 310 3008 2058 3106; baseline 0 -22"><span class='ocrx_word' id='word_1_226' title='bbox 310 3029 412 3101; x_wconf 84' lang='lat' dir='ltr'><strong>posset</strong></span> <span class='ocrx_word' id='word_1_227' title='bbox 432 3019 554 3082; x_wconf 90' lang='lat' dir='ltr'><strong>incendi</strong></span> <span class='ocrx_word' id='word_1_228' title='bbox 569 3019 611 3102; x_wconf 76' lang='lat'><strong>³).</strong></span> <span class='ocrx_word' id='word_1_229' title='bbox 655 3008 809 3084; x_wconf 76' lang='lat' dir='ltr'><strong>Eiusmodi</strong></span> <span class='ocrx_word' id='word_1_230' title='bbox 837 3020 973 3099; x_wconf 85' lang='lat' dir='ltr'><strong>enerupia</strong></span> <span class='ocrx_word' id='word_1_231' title='bbox 999 3028 1167 3082; x_wconf 73' lang='lat' dir='ltr'><strong>emmeram</strong></span> <span class='ocrx_word' id='word_1_232' title='bbox 1188 3019 1343 3086; x_wconf 81' lang='lat' dir='ltr'><strong>doctrinae</strong></span> <span class='ocrx_word' id='word_1_233' title='bbox 1372 3023 1501 3086; x_wconf 85' lang='lat' dir='ltr'><strong>maxime</strong></span> <span class='ocrx_word' id='word_1_234' title='bbox 1521 3039 1659 3106; x_wconf 74' lang='lat' dir='ltr'><strong>congrus</strong></span> <span class='ocrx_word' id='word_1_235' title='bbox 1680 3023 1838 3086; x_wconf 76' lang='lat' dir='ltr'><strong>Lucretius</strong></span> <span class='ocrx_word' id='word_1_236' title='bbox 1868 3021 2005 3100; x_wconf 83' lang='lat' dir='ltr'><strong>probavit</strong></span> <span class='ocrx_word' id='word_1_237' title='bbox 2026 3027 2058 3084; x_wconf 88' lang='lat' dir='ltr'><strong>ei</strong></span> 
     </span>
     <span class='ocr_line' id='line_1_24' title="bbox 309 3115 2059 3214; baseline 0.001 -20"><span class='ocrx_word' id='word_1_238' title='bbox 309 3129 399 3212; x_wconf 89' lang='lat' dir='ltr'><strong>piane</strong></span> <span class='ocrx_word' id='word_1_239' title='bbox 420 3130 525 3194; x_wconf 90' lang='lat' dir='ltr'><strong>similia</strong></span> <span class='ocrx_word' id='word_1_240' title='bbox 546 3132 612 3211; x_wconf 87' lang='lat' dir='ltr'><strong>ipse</strong></span> <span class='ocrx_word' id='word_1_241' title='bbox 633 3131 758 3211; x_wconf 87' lang='lat' dir='ltr'><strong>protulit</strong></span> <span class='ocrx_word' id='word_1_242' title='bbox 779 3133 809 3194; x_wconf 88' lang='lat' dir='ltr'><strong>io</strong></span> <span class='ocrx_word' id='word_1_243' title='bbox 831 3130 909 3194; x_wconf 89' lang='lat' dir='ltr'><strong>libro</strong></span> <span class='ocrx_word' id='word_1_244' title='bbox 933 3131 958 3193; x_wconf 91' lang='lat' dir='ltr'><strong>ll</strong></span> <span class='ocrx_word' id='word_1_245' title='bbox 980 3129 1139 3196; x_wconf 76' lang='lat' dir='ltr'><strong>stt-nn.</strong></span> <span class='ocrx_word' id='word_1_246' title='bbox 1169 3131 1243 3194; x_wconf 82' lang='lat' dir='ltr'><strong>Dum</strong></span> <span class='ocrx_word' id='word_1_247' title='bbox 1261 3149 1325 3214; x_wconf 78' lang='lat' dir='ltr'><strong>quo</strong></span> <span class='ocrx_word' id='word_1_248' title='bbox 1347 3134 1417 3198; x_wconf 85' lang='lat' dir='ltr'><strong>loce</strong></span> <span class='ocrx_word' id='word_1_249' title='bbox 1438 3133 1571 3196; x_wconf 89' lang='lat' dir='ltr'><strong>conierri</strong></span> <span class='ocrx_word' id='word_1_250' title='bbox 1593 3143 1734 3214; x_wconf 84' lang='lat' dir='ltr'><strong>poterunt</strong></span> <span class='ocrx_word' id='word_1_251' title='bbox 1755 3115 1823 3198; x_wconf 84' lang='lat' dir='ltr'><strong>iibri</strong></span> <span class='ocrx_word' id='word_1_252' title='bbox 1846 3131 1926 3196; x_wconf 86' lang='lat' dir='ltr'><strong>tertii</strong></span> <span class='ocrx_word' id='word_1_253' title='bbox 1947 3147 2059 3196; x_wconf 77' lang='lat' dir='ltr'><strong>amens</strong></span> 
     </span>
     <span class='ocr_line' id='line_1_25' title="bbox 309 3239 1047 3305; baseline -0.003 -1"><span class='ocrx_word' id='word_1_254' title='bbox 309 3240 470 3304; x_wconf 77' lang='lat' dir='ltr'><strong>tus-to.</strong></span> <span class='ocrx_word' id='word_1_255' title='bbox 494 3239 674 3304; x_wconf 75' lang='lat' dir='ltr'><strong>seo-605.</strong></span> <span class='ocrx_word' id='word_1_256' title='bbox 719 3241 778 3304; x_wconf 88' lang='lat' dir='ltr'><strong>Sed</strong></span> <span class='ocrx_word' id='word_1_257' title='bbox 800 3242 874 3304; x_wconf 90' lang='lat' dir='ltr'><strong>haec</strong></span> <span class='ocrx_word' id='word_1_258' title='bbox 895 3241 1047 3305; x_wconf 84' lang='lat' dir='ltr'><strong>hactenns.</strong></span> 
     </span>
     <span class='ocr_line' id='line_1_26' title="bbox 398 3347 2057 3435; baseline -0.003 -20"><span class='ocrx_word' id='word_1_259' title='bbox 398 3352 567 3416; x_wconf 83' lang='lat' dir='ltr'><strong>inferorum</strong></span> <span class='ocrx_word' id='word_1_260' title='bbox 596 3353 644 3416; x_wconf 90' lang='lat' dir='ltr'><strong>ilia</strong></span> <span class='ocrx_word' id='word_1_261' title='bbox 674 3353 821 3432; x_wconf 78' lang='lat' dir='ltr'><strong>formio,</strong></span> <span class='ocrx_word' id='word_1_262' title='bbox 852 3371 932 3435; x_wconf 87' lang='lat' dir='ltr'><strong>quae</strong></span> <span class='ocrx_word' id='word_1_263' title='bbox 953 3354 1104 3418; x_wconf 88' lang='lat' dir='ltr'><strong>hominnm</strong></span> <span class='ocrx_word' id='word_1_264' title='bbox 1132 3355 1249 3416; x_wconf 86' lang='lat' dir='ltr'><strong>mentes</strong></span> <span class='ocrx_word' id='word_1_265' title='bbox 1270 3352 1465 3416; x_wconf 81' lang='lat' dir='ltr'><strong>uehementer</strong></span> <span class='ocrx_word' id='word_1_266' title='bbox 1487 3352 1630 3428; x_wconf 60' lang='lat' dir='ltr'><strong>ueremni,</strong></span> <span class='ocrx_word' id='word_1_267' title='bbox 1659 3351 1790 3414; x_wconf 84' lang='lat' dir='ltr'><strong>maxima</strong></span> <span class='ocrx_word' id='word_1_268' title='bbox 1811 3358 1878 3415; x_wconf 86' lang='lat' dir='ltr'><strong>erat</strong></span> <span class='ocrx_word' id='word_1_269' title='bbox 1908 3350 2004 3430; x_wconf 85' lang='lat' dir='ltr'><strong>posits</strong></span> <span class='ocrx_word' id='word_1_270' title='bbox 2024 3347 2057 3410; x_wconf 92' lang='lat' dir='ltr'><strong>in</strong></span> 
     </span>
     <span class='ocr_line' id='line_1_27' title="bbox 310 3459 2060 3546; baseline -0.003 -18"><span class='ocrx_word' id='word_1_271' title='bbox 310 3465 489 3528; x_wconf 89' lang='lat' dir='ltr'><strong>daemonum</strong></span> <span class='ocrx_word' id='word_1_272' title='bbox 511 3464 606 3542; x_wconf 84' lang='lat' dir='ltr'><strong>cuitu,</strong></span> <span class='ocrx_word' id='word_1_273' title='bbox 628 3465 665 3530; x_wconf 84' lang='lat' dir='ltr'><strong>ed</strong></span> <span class='ocrx_word' id='word_1_274' title='bbox 686 3475 775 3545; x_wconf 83' lang='lat' dir='ltr'><strong>quern</strong></span> <span class='ocrx_word' id='word_1_275' title='bbox 795 3467 876 3528; x_wconf 87' lang='lat' dir='ltr'><strong>varia</strong></span> <span class='ocrx_word' id='word_1_276' title='bbox 899 3465 1087 3545; x_wconf 85' lang='lat' dir='ltr'><strong>pertinebant</strong></span> <span class='ocrx_word' id='word_1_277' title='bbox 1107 3464 1327 3544; x_wconf 83' lang='lat' dir='ltr'><strong>superstitionis</strong></span> <span class='ocrx_word' id='word_1_278' title='bbox 1348 3481 1473 3546; x_wconf 75' lang='lat' dir='ltr'><strong>genera,</strong></span> <span class='ocrx_word' id='word_1_279' title='bbox 1494 3463 1577 3528; x_wconf 85' lang='lat' dir='ltr'><strong>velat</strong></span> <span class='ocrx_word' id='word_1_280' title='bbox 1592 3461 1752 3542; x_wconf 73' lang='lat' dir='ltr'><strong>diuinatio,</strong></span> <span class='ocrx_word' id='word_1_281' title='bbox 1774 3461 1911 3538; x_wconf 81' lang='lat' dir='ltr'><strong>oraouis,</strong></span> <span class='ocrx_word' id='word_1_282' title='bbox 1930 3459 2060 3537; x_wconf 80' lang='lat' dir='ltr'><strong>semeia,</strong></span> 
     </span>
     <span class='ocr_line' id='line_1_28' title="bbox 308 3568 2060 3656; baseline -0.003 -17"><span class='ocrx_word' id='word_1_283' title='bbox 308 3575 453 3639; x_wconf 85' lang='lat' dir='ltr'><strong>sollennia</strong></span> <span class='ocrx_word' id='word_1_284' title='bbox 482 3591 568 3640; x_wconf 87' lang='lat' dir='ltr'><strong>sacra</strong></span> <span class='ocrx_word' id='word_1_285' title='bbox 597 3575 746 3656; x_wconf 85' lang='lat' dir='ltr'><strong>placandis</strong></span> <span class='ocrx_word' id='word_1_286' title='bbox 773 3577 939 3640; x_wconf 87' lang='lat' dir='ltr'><strong>inierornm</strong></span> <span class='ocrx_word' id='word_1_287' title='bbox 966 3575 1137 3639; x_wconf 87' lang='lat' dir='ltr'><strong>numinibus</strong></span> <span class='ocrx_word' id='word_1_288' title='bbox 1165 3572 1359 3656; x_wconf 66' lang='lat' dir='ltr'><strong>instrunt).</strong></span> <span class='ocrx_word' id='word_1_289' title='bbox 1399 3573 1513 3648; x_wconf 80' lang='lat' dir='ltr'><strong>Quibus</strong></span> <span class='ocrx_word' id='word_1_290' title='bbox 1541 3571 1739 3655; x_wconf 62' lang='lat' dir='ltr'><strong>religionibus</strong></span> <span class='ocrx_word' id='word_1_291' title='bbox 1767 3573 1894 3642; x_wconf 72' lang='lat' dir='ltr'><strong>mulsae</strong></span> <span class='ocrx_word' id='word_1_292' title='bbox 1922 3568 2060 3650; x_wconf 84' lang='lat' dir='ltr'><strong>impiica-</strong></span> 
     </span>
     <span class='ocr_line' id='line_1_29' title="bbox 310 3681 2061 3770; baseline -0.003 -19"><span class='ocrx_word' id='word_1_293' title='bbox 310 3697 360 3752; x_wconf 89' lang='lat' dir='ltr'><strong>tus</strong></span> <span class='ocrx_word' id='word_1_294' title='bbox 382 3685 438 3750; x_wconf 88' lang='lat' dir='ltr'><strong>init</strong></span> <span class='ocrx_word' id='word_1_295' title='bbox 458 3686 653 3753; x_wconf 84' lang='lat' dir='ltr'><strong>Xenocrates.</strong></span> <span class='ocrx_word' id='word_1_296' title='bbox 688 3687 728 3768; x_wconf 87' lang='lat' dir='ltr'><strong>is,</strong></span> <span class='ocrx_word' id='word_1_297' title='bbox 750 3705 818 3750; x_wconf 81' lang='lat' dir='ltr'><strong>cunr</strong></span> <span class='ocrx_word' id='word_1_298' title='bbox 840 3687 923 3770; x_wconf 78' lang='lat' dir='ltr'><strong>voigi</strong></span> <span class='ocrx_word' id='word_1_299' title='bbox 945 3687 1090 3750; x_wconf 88' lang='lat' dir='ltr'><strong>sollennia</strong></span> <span class='ocrx_word' id='word_1_300' title='bbox 1112 3687 1218 3751; x_wconf 80' lang='lat' dir='ltr'><strong>tetrius</strong></span> <span class='ocrx_word' id='word_1_301' title='bbox 1239 3695 1270 3750; x_wconf 89' lang='lat' dir='ltr'><strong>ct</strong></span> <span class='ocrx_word' id='word_1_302' title='bbox 1290 3684 1413 3748; x_wconf 84' lang='lat' dir='ltr'><strong>horrida</strong></span> <span class='ocrx_word' id='word_1_303' title='bbox 1434 3702 1492 3748; x_wconf 88' lang='lat' dir='ltr'><strong>nec</strong></span> <span class='ocrx_word' id='word_1_304' title='bbox 1512 3685 1711 3766; x_wconf 82' lang='lat' dir='ltr'><strong>comprobare</strong></span> <span class='ocrx_word' id='word_1_305' title='bbox 1733 3702 1791 3748; x_wconf 88' lang='lat' dir='ltr'><strong>nee</strong></span> <span class='ocrx_word' id='word_1_306' title='bbox 1812 3683 1920 3748; x_wconf 89' lang='lat' dir='ltr'><strong>toliere</strong></span> <span class='ocrx_word' id='word_1_307' title='bbox 1940 3681 2061 3764; x_wconf 85' lang='lat' dir='ltr'><strong>potuis·</strong></span> 
     </span>
     <span class='ocr_line' id='line_1_30' title="bbox 311 3793 2061 3878; baseline -0.003 -18"><span class='ocrx_word' id='word_1_308' title='bbox 311 3807 375 3876; x_wconf 89' lang='lat' dir='ltr'><strong>set,</strong></span> <span class='ocrx_word' id='word_1_309' title='bbox 404 3815 421 3860; x_wconf 90' lang='lat' dir='ltr'><strong>a</strong></span> <span class='ocrx_word' id='word_1_310' title='bbox 444 3797 515 3861; x_wconf 87' lang='lat' dir='ltr'><strong>Deis</strong></span> <span class='ocrx_word' id='word_1_311' title='bbox 537 3807 568 3862; x_wconf 91' lang='lat' dir='ltr'><strong>et</strong></span> <span class='ocrx_word' id='word_1_312' title='bbox 589 3799 784 3862; x_wconf 86' lang='lat' dir='ltr'><strong>daemonibus</strong></span> <span class='ocrx_word' id='word_1_313' title='bbox 806 3797 960 3872; x_wconf 76' lang='lat' dir='ltr'><strong>benevolis</strong></span> <span class='ocrx_word' id='word_1_314' title='bbox 982 3796 1143 3861; x_wconf 89' lang='lat' dir='ltr'><strong>daemones</strong></span> <span class='ocrx_word' id='word_1_315' title='bbox 1171 3796 1346 3878; x_wconf 73' lang='lat' dir='ltr'><strong>segregavit</strong></span> <span class='ocrx_word' id='word_1_316' title='bbox 1369 3795 1536 3874; x_wconf 78' lang='lat' dir='ltr'><strong>maledicos,</strong></span> <span class='ocrx_word' id='word_1_317' title='bbox 1565 3796 1728 3874; x_wconf 76' lang='lat' dir='ltr'><strong>mnenon,</strong></span> <span class='ocrx_word' id='word_1_318' title='bbox 1755 3793 2061 3876; x_wconf 62' lang='lat' dir='ltr'><strong>intermanentes,</strong></span> 
     </span>
     <span class='ocr_line' id='line_1_31' title="bbox 311 3889 2060 3990; baseline -0.002 -20"><span class='ocrx_word' id='word_1_319' title='bbox 311 3909 364 3989; x_wconf 90' lang='lat' dir='ltr'><strong>qui</strong></span> <span class='ocrx_word' id='word_1_320' title='bbox 385 3908 443 3972; x_wconf 89' lang='lat' dir='ltr'><strong>soli</strong></span> <span class='ocrx_word' id='word_1_321' title='bbox 463 3909 598 3988; x_wconf 86' lang='lat' dir='ltr'><strong>ieiuniis,</strong></span> <span class='ocrx_word' id='word_1_322' title='bbox 626 3909 810 3990; x_wconf 87' lang='lat' dir='ltr'><strong>planctibus,</strong></span> <span class='ocrx_word' id='word_1_323' title='bbox 838 3909 1003 3972; x_wconf 85' lang='lat' dir='ltr'><strong>maledictis</strong></span> <span class='ocrx_word' id='word_1_324' title='bbox 1024 3908 1215 3988; x_wconf 73' lang='lat' dir='ltr'><strong>iasciviiapue</strong></span> <span class='ocrx_word' id='word_1_325' title='bbox 1241 3905 1378 3988; x_wconf 83' lang='lat' dir='ltr'><strong>piscandi</strong></span> <span class='ocrx_word' id='word_1_326' title='bbox 1404 3915 1509 3970; x_wconf 76' lang='lat' dir='ltr'><strong>essere</strong></span> <span class='ocrx_word' id='word_1_327' title='bbox 1524 3906 1569 3988; x_wconf 66' lang='grc' dir='ltr'><strong>ὁ).</strong></span> <span class='ocrx_word' id='word_1_328' title='bbox 1613 3889 1695 3970; x_wconf 72' lang='lat' dir='ltr'><strong>insin</strong></span> <span class='ocrx_word' id='word_1_329' title='bbox 1723 3905 1917 3987; x_wconf 81' lang='lat' dir='ltr'><strong>pbilosopbua</strong></span> <span class='ocrx_word' id='word_1_330' title='bbox 1939 3904 2060 3968; x_wconf 83' lang='lat' dir='ltr'><strong>videtur</strong></span> 
     </span>
     <span class='ocr_line' id='line_1_32' title="bbox 311 3994 2058 4098; baseline -0.005 -16"><span class='ocrx_word' id='word_1_331' title='bbox 311 3994 453 4086; x_wconf 68' lang='lat' dir='ltr'><strong>statuisse</strong></span> <span class='ocrx_word' id='word_1_332' title='bbox 481 4019 634 4084; x_wconf 88' lang='lat' dir='ltr'><strong>bominum</strong></span> <span class='ocrx_word' id='word_1_333' title='bbox 663 4022 777 4083; x_wconf 85' lang='lat' dir='ltr'><strong>animos</strong></span> <span class='ocrx_word' id='word_1_334' title='bbox 799 4029 868 4084; x_wconf 88' lang='lat' dir='ltr'><strong>nuta</strong></span> <span class='ocrx_word' id='word_1_335' title='bbox 889 4021 965 4082; x_wconf 89' lang='lat' dir='ltr'><strong>bane</strong></span> <span class='ocrx_word' id='word_1_336' title='bbox 987 4020 1077 4084; x_wconf 88' lang='lat' dir='ltr'><strong>vitam</strong></span> <span class='ocrx_word' id='word_1_337' title='bbox 1099 4015 1278 4082; x_wconf 81' lang='lat' dir='ltr'><strong>daemonum</strong></span> <span class='ocrx_word' id='word_1_338' title='bbox 1304 4019 1405 4098; x_wconf 88' lang='lat' dir='ltr'><strong>specie</strong></span> <span class='ocrx_word' id='word_1_339' title='bbox 1431 4017 1553 4082; x_wconf 87' lang='lat' dir='ltr'><strong>indutos</strong></span> <span class='ocrx_word' id='word_1_340' title='bbox 1574 4017 1606 4080; x_wconf 91' lang='lat' dir='ltr'><strong>in</strong></span> <span class='ocrx_word' id='word_1_341' title='bbox 1626 4023 1699 4080; x_wconf 73' lang='lat' dir='ltr'><strong>abre</strong></span> <span class='ocrx_word' id='word_1_342' title='bbox 1720 4016 1862 4081; x_wconf 74' lang='lat' dir='ltr'><strong>colhesae</strong></span> <span class='ocrx_word' id='word_1_343' title='bbox 1875 4013 1921 4098; x_wconf 85' lang='lat'><strong>⁶).</strong></span> <span class='ocrx_word' id='word_1_344' title='bbox 1965 4017 2058 4088; x_wconf 82' lang='lat' dir='ltr'><strong>Onam</strong></span> 
     </span>
     <span class='ocr_line' id='line_1_33' title="bbox 312 4124 2059 4224; baseline -0.003 -32"><span class='ocrx_word' id='word_1_345' title='bbox 312 4130 491 4195; x_wconf 87' lang='lat' dir='ltr'><strong>daemonum</strong></span> <span class='ocrx_word' id='word_1_346' title='bbox 513 4133 644 4214; x_wconf 89' lang='lat' dir='ltr'><strong>speciem</strong></span> <span class='ocrx_word' id='word_1_347' title='bbox 666 4141 735 4196; x_wconf 90' lang='lat' dir='ltr'><strong>aute</strong></span> <span class='ocrx_word' id='word_1_348' title='bbox 755 4130 955 4196; x_wconf 86' lang='lat' dir='ltr'><strong>Xenocratem</strong></span> <span class='ocrx_word' id='word_1_349' title='bbox 978 4149 1045 4194; x_wconf 89' lang='lat' dir='ltr'><strong>cnm</strong></span> <span class='ocrx_word' id='word_1_350' title='bbox 1068 4130 1116 4194; x_wconf 90' lang='lat' dir='ltr'><strong>aiii</strong></span> <span class='ocrx_word' id='word_1_351' title='bbox 1137 4135 1199 4194; x_wconf 90' lang='lat' dir='ltr'><strong>tum</strong></span> <span class='ocrx_word' id='word_1_352' title='bbox 1220 4127 1418 4210; x_wconf 85' lang='lat' dir='ltr'><strong>Empedocles</strong></span> <span class='ocrx_word' id='word_1_353' title='bbox 1439 4136 1472 4192; x_wconf 89' lang='lat' dir='ltr'><strong>et</strong></span> <span class='ocrx_word' id='word_1_354' title='bbox 1483 4129 1566 4192; x_wconf 87' lang='lat' dir='ltr'><strong>Pisto</strong></span> <span class='ocrx_word' id='word_1_355' title='bbox 1588 4128 1693 4224; x_wconf 71' lang='lat' dir='ltr'><strong>animis</strong></span> <span class='ocrx_word' id='word_1_356' title='bbox 1714 4127 1850 4192; x_wconf 87' lang='lat' dir='ltr'><strong>humanis</strong></span> <span class='ocrx_word' id='word_1_357' title='bbox 1872 4124 2059 4199; x_wconf 62' lang='lat' dir='ltr'><strong>tribuerunt</strong></span> 
     </span>
    </p>
   </div>
   <div class='ocr_carea' id='block_1_3' title="bbox 2387 1068 2390 1744">
    <p class='ocr_par' dir='ltr' id='par_1_3' title="bbox 2387 1068 2390 1744">
     <span class='ocr_line' id='line_1_34' title="bbox 2387 1068 2390 1744; baseline 0 0"><span class='ocrx_word' id='word_1_358' title='bbox 2387 1068 2390 1744; x_wconf 95' lang='lat' dir='ltr'><strong> </strong></span> 
     </span>
    </p>
   </div>
   <div class='ocr_carea' id='block_1_4' title="bbox 347 4381 2061 5085">
    <p class='ocr_par' dir='ltr' id='par_1_4' title="bbox 347 4381 2061 5085">
     <span class='ocr_line' id='line_1_35' title="bbox 430 4381 2061 4452; baseline -0.006 -12"><span class='ocrx_word' id='word_1_359' title='bbox 430 4387 451 4452; x_wconf 90' lang='lat'><strong>¹)</strong></span> <span class='ocrx_word' id='word_1_360' title='bbox 474 4387 515 4440; x_wconf 64' lang='grc' dir='ltr'><strong>Οἱ.</strong></span> <span class='ocrx_word' id='word_1_361' title='bbox 534 4387 562 4440; x_wconf 86' lang='lat' dir='ltr'><strong>S.</strong></span> <span class='ocrx_word' id='word_1_362' title='bbox 583 4385 721 4451; x_wconf 82' lang='lat' dir='ltr'><strong>Angustia.</strong></span> <span class='ocrx_word' id='word_1_363' title='bbox 742 4387 774 4436; x_wconf 86' lang='lat' dir='ltr'><strong>de</strong></span> <span class='ocrx_word' id='word_1_364' title='bbox 794 4386 860 4436; x_wconf 80' lang='lat' dir='ltr'><strong>civit.</strong></span> <span class='ocrx_word' id='word_1_365' title='bbox 881 4387 930 4437; x_wconf 87' lang='lat' dir='ltr'><strong>Dei</strong></span> <span class='ocrx_word' id='word_1_366' title='bbox 950 4387 996 4438; x_wconf 80' lang='lat' dir='ltr'><strong>iub.</strong></span> <span class='ocrx_word' id='word_1_367' title='bbox 1016 4385 1098 4438; x_wconf 86' lang='lat' dir='ltr'>XXII</span> <span class='ocrx_word' id='word_1_368' title='bbox 1117 4401 1140 4436; x_wconf 93' lang='lat' dir='ltr'><strong>e.</strong></span> <span class='ocrx_word' id='word_1_369' title='bbox 1162 4381 1206 4436; x_wconf 78' lang='lat'><strong>28.</strong></span> <span class='ocrx_word' id='word_1_370' title='bbox 1228 4381 1309 4448; x_wconf 68' lang='lat'><strong>-21</strong></span> <span class='ocrx_word' id='word_1_371' title='bbox 1335 4386 1377 4436; x_wconf 84' lang='lat' dir='ltr'><strong>Ex</strong></span> <span class='ocrx_word' id='word_1_372' title='bbox 1391 4385 1525 4450; x_wconf 78' lang='lat' dir='ltr'><strong>Epicureis</strong></span> <span class='ocrx_word' id='word_1_373' title='bbox 1546 4387 1597 4436; x_wconf 92' lang='lat' dir='ltr'><strong>duo</strong></span> <span class='ocrx_word' id='word_1_374' title='bbox 1616 4394 1714 4436; x_wconf 75' lang='lat' dir='ltr'><strong>matum</strong></span> <span class='ocrx_word' id='word_1_375' title='bbox 1734 4385 1858 4436; x_wconf 75' lang='lat' dir='ltr'><strong>nomismi</strong></span> <span class='ocrx_word' id='word_1_376' title='bbox 1882 4389 1989 4449; x_wconf 86' lang='lat' dir='ltr'><strong>possunt</strong></span> <span class='ocrx_word' id='word_1_377' title='bbox 2007 4381 2061 4432; x_wconf 90' lang='lat' dir='ltr'><strong>De·</strong></span> 
     </span>
     <span class='ocr_line' id='line_1_36' title="bbox 427 4471 2059 4542; baseline -0.006 -12"><span class='ocrx_word' id='word_1_378' title='bbox 427 4480 526 4530; x_wconf 81' lang='lat' dir='ltr'><strong>moeniti</strong></span> <span class='ocrx_word' id='word_1_379' title='bbox 549 4478 694 4528; x_wconf 82' lang='lat' dir='ltr'><strong>laudatores</strong></span> <span class='ocrx_word' id='word_1_380' title='bbox 720 4475 902 4538; x_wconf 79' lang='lat' dir='ltr'><strong>Philodemus,</strong></span> <span class='ocrx_word' id='word_1_381' title='bbox 926 4477 1068 4542; x_wconf 79' lang='lat' dir='ltr'><strong>Epicureus</strong></span> <span class='ocrx_word' id='word_1_382' title='bbox 1096 4477 1256 4526; x_wconf 81' lang='lat' dir='ltr'><strong>doctissimus</strong></span> <span class='ocrx_word' id='word_1_383' title='bbox 1283 4475 1350 4536; x_wconf 85' lang='lat' dir='ltr'><strong>(Cic.</strong></span> <span class='ocrx_word' id='word_1_384' title='bbox 1377 4477 1409 4526; x_wconf 89' lang='lat' dir='ltr'><strong>de</strong></span> <span class='ocrx_word' id='word_1_385' title='bbox 1438 4477 1480 4526; x_wconf 77' lang='lat' dir='ltr'><strong>lin.</strong></span> <span class='ocrx_word' id='word_1_386' title='bbox 1505 4477 1536 4528; x_wconf 91' lang='lat'><strong>11</strong></span> <span class='ocrx_word' id='word_1_387' title='bbox 1560 4475 1606 4538; x_wconf 76' lang='lat'><strong>35,</strong></span> <span class='ocrx_word' id='word_1_388' title='bbox 1636 4474 1697 4527; x_wconf 83' lang='lat'><strong>118.</strong></span> <span class='ocrx_word' id='word_1_389' title='bbox 1742 4473 1785 4527; x_wconf 79' lang='lat' dir='ltr'><strong>(ii.</strong></span> <span class='ocrx_word' id='word_1_390' title='bbox 1807 4474 1934 4526; x_wconf 74' lang='lat' dir='ltr'><strong>Matiana.</strong></span> <span class='ocrx_word' id='word_1_391' title='bbox 1954 4471 1974 4526; x_wconf 91' lang='lat' dir='ltr'><strong>l.</strong></span> <span class='ocrx_word' id='word_1_392' title='bbox 1994 4473 2013 4522; x_wconf 92' lang='lat' dir='ltr'><strong>l.</strong></span> <span class='ocrx_word' id='word_1_393' title='bbox 2033 4487 2059 4536; x_wconf 95' lang='lat' dir='ltr'><strong>p.</strong></span> 
     </span>
     <span class='ocr_line' id='line_1_37' title="bbox 433 4559 2058 4632; baseline -0.005 -13"><span class='ocrx_word' id='word_1_394' title='bbox 433 4565 498 4631; x_wconf 82' lang='lat' dir='ltr'><strong>tto)</strong></span> <span class='ocrx_word' id='word_1_395' title='bbox 523 4577 555 4632; x_wconf 75' lang='lat' dir='ltr'><strong>et,</strong></span> <span class='ocrx_word' id='word_1_396' title='bbox 582 4567 625 4631; x_wconf 91' lang='lat' dir='ltr'><strong>qui</strong></span> <span class='ocrx_word' id='word_1_397' title='bbox 650 4563 720 4614; x_wconf 84' lang='lat' dir='ltr'><strong>illine</strong></span> <span class='ocrx_word' id='word_1_398' title='bbox 745 4565 854 4616; x_wconf 81' lang='lat' dir='ltr'><strong>iortsese</strong></span> <span class='ocrx_word' id='word_1_399' title='bbox 880 4569 979 4618; x_wconf 83' lang='lat' dir='ltr'><strong>auditor</strong></span> <span class='ocrx_word' id='word_1_400' title='bbox 1002 4567 1058 4630; x_wconf 79' lang='lat' dir='ltr'><strong>init,</strong></span> <span class='ocrx_word' id='word_1_401' title='bbox 1083 4567 1225 4618; x_wconf 84' lang='lat' dir='ltr'><strong>Lucretius.</strong></span> <span class='ocrx_word' id='word_1_402' title='bbox 1263 4563 1313 4616; x_wconf 87' lang='lat' dir='ltr'><strong>Hic</strong></span> <span class='ocrx_word' id='word_1_403' title='bbox 1339 4565 1478 4616; x_wconf 81' lang='lat' dir='ltr'><strong>Democriti</strong></span> <span class='ocrx_word' id='word_1_404' title='bbox 1504 4567 1652 4618; x_wconf 78' lang='lat' dir='ltr'><strong>memoriam</strong></span> <span class='ocrx_word' id='word_1_405' title='bbox 1676 4563 1739 4616; x_wconf 80' lang='lat' dir='ltr'><strong>colit</strong></span> <span class='ocrx_word' id='word_1_406' title='bbox 1762 4567 1789 4615; x_wconf 88' lang='lat' dir='ltr'><strong>iu</strong></span> <span class='ocrx_word' id='word_1_407' title='bbox 1815 4564 1873 4616; x_wconf 83' lang='lat' dir='ltr'><strong>libr.</strong></span> <span class='ocrx_word' id='word_1_408' title='bbox 1900 4561 1945 4614; x_wconf 84' lang='lat'><strong>111</strong></span> <span class='ocrx_word' id='word_1_409' title='bbox 1975 4559 2058 4623; x_wconf 70' lang='lat'><strong>10375</strong></span> 
     </span>
     <span class='ocr_line' id='line_1_38' title="bbox 430 4649 2061 4722; baseline -0.005 -13"><span class='ocrx_word' id='word_1_410' title='bbox 430 4659 536 4709; x_wconf 87' lang='lat' dir='ltr'><strong>eundem</strong></span> <span class='ocrx_word' id='word_1_411' title='bbox 562 4656 651 4708; x_wconf 77' lang='lat' dir='ltr'><strong>laudet</strong></span> <span class='ocrx_word' id='word_1_412' title='bbox 676 4655 719 4706; x_wconf 84' lang='grc' dir='ltr'><strong>ΠΙ</strong></span> <span class='ocrx_word' id='word_1_413' title='bbox 746 4655 800 4708; x_wconf 82' lang='grc'><strong>371</strong></span> <span class='ocrx_word' id='word_1_414' title='bbox 822 4665 847 4706; x_wconf 89' lang='lat' dir='ltr'><strong>et</strong></span> <span class='ocrx_word' id='word_1_415' title='bbox 865 4657 891 4707; x_wconf 85' lang='lat' dir='ltr'>V</span> <span class='ocrx_word' id='word_1_416' title='bbox 912 4655 982 4719; x_wconf 78' lang='lat'><strong>620,</strong></span> <span class='ocrx_word' id='word_1_417' title='bbox 1008 4657 1052 4707; x_wconf 92' lang='lat' dir='ltr'><strong>ubi</strong></span> <span class='ocrx_word' id='word_1_418' title='bbox 1077 4657 1131 4708; x_wconf 89' lang='lat' dir='ltr'><strong>eius</strong></span> <span class='ocrx_word' id='word_1_419' title='bbox 1156 4658 1258 4707; x_wconf 79' lang='lat' dir='ltr'><strong>decretu</strong></span> <span class='ocrx_word' id='word_1_420' title='bbox 1282 4659 1416 4722; x_wconf 83' lang='lat' dir='ltr'><strong>propouit;</strong></span> <span class='ocrx_word' id='word_1_421' title='bbox 1447 4657 1499 4708; x_wconf 85' lang='lat' dir='ltr'><strong>ulio</strong></span> <span class='ocrx_word' id='word_1_422' title='bbox 1524 4657 1582 4708; x_wconf 84' lang='lat' dir='ltr'><strong>loeo</strong></span> <span class='ocrx_word' id='word_1_423' title='bbox 1607 4657 1637 4706; x_wconf 92' lang='lat'><strong>11</strong></span> <span class='ocrx_word' id='word_1_424' title='bbox 1668 4649 1797 4706; x_wconf 70' lang='lat' dir='ltr'><strong>lli-23</strong></span> <span class='ocrx_word' id='word_1_425' title='bbox 1826 4653 1940 4704; x_wconf 76' lang='lat' dir='ltr'><strong>sinebam</strong></span> <span class='ocrx_word' id='word_1_426' title='bbox 1965 4654 1997 4702; x_wconf 89' lang='lat' dir='ltr'><strong>de</strong></span> <span class='ocrx_word' id='word_1_427' title='bbox 2020 4666 2061 4701; x_wconf 85' lang='lat' dir='ltr'><strong>rs·</strong></span> 
     </span>
     <span class='ocr_line' id='line_1_39' title="bbox 426 4739 2060 4812; baseline -0.004 -14"><span class='ocrx_word' id='word_1_428' title='bbox 426 4747 517 4798; x_wconf 86' lang='lat' dir='ltr'><strong>mentis</strong></span> <span class='ocrx_word' id='word_1_429' title='bbox 537 4748 563 4796; x_wconf 91' lang='lat' dir='ltr'><strong>in</strong></span> <span class='ocrx_word' id='word_1_430' title='bbox 583 4745 638 4797; x_wconf 85' lang='lat' dir='ltr'><strong>sole</strong></span> <span class='ocrx_word' id='word_1_431' title='bbox 657 4747 820 4798; x_wconf 79' lang='lat' dir='ltr'><strong>volitantibus</strong></span> <span class='ocrx_word' id='word_1_432' title='bbox 841 4749 990 4798; x_wconf 83' lang='lat' dir='ltr'><strong>sententium</strong></span> <span class='ocrx_word' id='word_1_433' title='bbox 1009 4747 1113 4798; x_wconf 86' lang='lat' dir='ltr'><strong>adhibet</strong></span> <span class='ocrx_word' id='word_1_434' title='bbox 1132 4749 1164 4797; x_wconf 86' lang='lat' dir='ltr'><strong>sd</strong></span> <span class='ocrx_word' id='word_1_435' title='bbox 1184 4753 1325 4798; x_wconf 79' lang='lat' dir='ltr'><strong>atomorum</strong></span> <span class='ocrx_word' id='word_1_436' title='bbox 1354 4755 1436 4798; x_wconf 87' lang='lat' dir='ltr'><strong>motus</strong></span> <span class='ocrx_word' id='word_1_437' title='bbox 1456 4747 1630 4812; x_wconf 69' lang='lat' dir='ltr'><strong>explicandos.</strong></span> <span class='ocrx_word' id='word_1_438' title='bbox 1672 4743 1714 4796; x_wconf 81' lang='lat' dir='ltr'><strong>Oi.</strong></span> <span class='ocrx_word' id='word_1_439' title='bbox 1734 4745 1815 4795; x_wconf 81' lang='lat' dir='ltr'><strong>Arist.</strong></span> <span class='ocrx_word' id='word_1_440' title='bbox 1837 4744 1869 4794; x_wconf 89' lang='lat' dir='ltr'><strong>de</strong></span> <span class='ocrx_word' id='word_1_441' title='bbox 1889 4759 1931 4794; x_wconf 74' lang='lat' dir='ltr'><strong>sn.</strong></span> <span class='ocrx_word' id='word_1_442' title='bbox 1951 4741 1966 4792; x_wconf 93' lang='lat'>1</span> <span class='ocrx_word' id='word_1_443' title='bbox 1987 4741 2013 4804; x_wconf 84' lang='lat'><strong>2,</strong></span> <span class='ocrx_word' id='word_1_444' title='bbox 2033 4739 2060 4790; x_wconf 83' lang='lat'><strong>3.</strong></span> 
     </span>
     <span class='ocr_line' id='line_1_40' title="bbox 428 4832 2060 4898; baseline -0.006 -10"><span class='ocrx_word' id='word_1_445' title='bbox 428 4835 470 4888; x_wconf 81' lang='lat' dir='ltr'><strong>ct.</strong></span> <span class='ocrx_word' id='word_1_446' title='bbox 490 4833 659 4888; x_wconf 76' lang='lat' dir='ltr'><strong>Treudelenb.</strong></span> <span class='ocrx_word' id='word_1_447' title='bbox 688 4837 713 4886; x_wconf 93' lang='lat' dir='ltr'><strong>in</strong></span> <span class='ocrx_word' id='word_1_448' title='bbox 733 4845 867 4888; x_wconf 87' lang='lat' dir='ltr'><strong>comment.</strong></span> <span class='ocrx_word' id='word_1_449' title='bbox 893 4863 930 4872; x_wconf 93' lang='lat'>-</span> <span class='ocrx_word' id='word_1_450' title='bbox 957 4835 980 4898; x_wconf 63' lang='grc' dir='ltr'><strong>ὅ)</strong></span> <span class='ocrx_word' id='word_1_451' title='bbox 1007 4837 1096 4889; x_wconf 82' lang='lat' dir='ltr'><strong>Procli</strong></span> <span class='ocrx_word' id='word_1_452' title='bbox 1121 4838 1206 4888; x_wconf 86' lang='lat' dir='ltr'><strong>locum</strong></span> <span class='ocrx_word' id='word_1_453' title='bbox 1230 4839 1257 4888; x_wconf 90' lang='lat' dir='ltr'><strong>in</strong></span> <span class='ocrx_word' id='word_1_454' title='bbox 1277 4835 1464 4889; x_wconf 77' lang='lat' dir='ltr'><strong>Commentario</strong></span> <span class='ocrx_word' id='word_1_455' title='bbox 1491 4838 1523 4886; x_wconf 87' lang='lat' dir='ltr'><strong>sd</strong></span> <span class='ocrx_word' id='word_1_456' title='bbox 1543 4836 1660 4886; x_wconf 87' lang='lat' dir='ltr'><strong>Platonis</strong></span> <span class='ocrx_word' id='word_1_457' title='bbox 1679 4836 1710 4884; x_wconf 87' lang='lat' dir='ltr'><strong>de</strong></span> <span class='ocrx_word' id='word_1_458' title='bbox 1736 4847 1790 4898; x_wconf 87' lang='lat' dir='ltr'><strong>rap.</strong></span> <span class='ocrx_word' id='word_1_459' title='bbox 1818 4833 1875 4884; x_wconf 86' lang='lat' dir='ltr'><strong>libr.</strong></span> <span class='ocrx_word' id='word_1_460' title='bbox 1895 4833 1922 4885; x_wconf 89' lang='lat' dir='ltr'>X</span> <span class='ocrx_word' id='word_1_461' title='bbox 1940 4832 1998 4881; x_wconf 86' lang='lat' dir='ltr'><strong>vide</strong></span> <span class='ocrx_word' id='word_1_462' title='bbox 2018 4844 2060 4894; x_wconf 89' lang='lat' dir='ltr'><strong>sp.</strong></span> 
     </span>
     <span class='ocr_line' id='line_1_41' title="bbox 425 4915 2059 4991; baseline -0.006 -13"><span class='ocrx_word' id='word_1_463' title='bbox 425 4924 606 4990; x_wconf 77' lang='lat' dir='ltr'><strong>wyttenbach.</strong></span> <span class='ocrx_word' id='word_1_464' title='bbox 633 4927 651 4978; x_wconf 93' lang='lat' dir='ltr'><strong>l.</strong></span> <span class='ocrx_word' id='word_1_465' title='bbox 671 4927 689 4978; x_wconf 93' lang='lat' dir='ltr'><strong>i.</strong></span> <span class='ocrx_word' id='word_1_466' title='bbox 711 4935 737 4978; x_wconf 87' lang='lat' dir='ltr'><strong>et</strong></span> <span class='ocrx_word' id='word_1_467' title='bbox 753 4927 880 4978; x_wconf 73' lang='lat' dir='ltr'><strong>Muiltch.</strong></span> <span class='ocrx_word' id='word_1_468' title='bbox 900 4928 919 4979; x_wconf 90' lang='lat' dir='ltr'><strong>i.</strong></span> <span class='ocrx_word' id='word_1_469' title='bbox 939 4918 1019 4978; x_wconf 50' lang='grc'><strong>1.-</strong></span> <span class='ocrx_word' id='word_1_470' title='bbox 1044 4921 1070 4991; x_wconf 68' lang='grc' dir='ltr'><strong>ιι)</strong></span> <span class='ocrx_word' id='word_1_471' title='bbox 1097 4927 1140 4980; x_wconf 85' lang='lat' dir='ltr'><strong>ci.</strong></span> <span class='ocrx_word' id='word_1_472' title='bbox 1160 4927 1315 4979; x_wconf 76' lang='lat' dir='ltr'><strong>Lactantius</strong></span> <span class='ocrx_word' id='word_1_473' title='bbox 1335 4927 1363 4977; x_wconf 93' lang='lat'><strong>11</strong></span> <span class='ocrx_word' id='word_1_474' title='bbox 1389 4928 1421 4976; x_wconf 90' lang='lat' dir='ltr'><strong>de</strong></span> <span class='ocrx_word' id='word_1_475' title='bbox 1439 4927 1503 4990; x_wconf 76' lang='lat' dir='ltr'><strong>orig.</strong></span> <span class='ocrx_word' id='word_1_476' title='bbox 1525 4925 1617 4975; x_wconf 86' lang='lat' dir='ltr'><strong>erroris</strong></span> <span class='ocrx_word' id='word_1_477' title='bbox 1636 4939 1659 4974; x_wconf 89' lang='lat' dir='ltr'><strong>c.</strong></span> <span class='ocrx_word' id='word_1_478' title='bbox 1683 4915 1804 4976; x_wconf 80' lang='lat' dir='ltr'><strong>st-te.</strong></span> <span class='ocrx_word' id='word_1_479' title='bbox 1831 4945 1868 4960; x_wconf 88' lang='lat'><strong>-·</strong></span> <span class='ocrx_word' id='word_1_480' title='bbox 1894 4917 1920 4984; x_wconf 64' lang='grc' dir='ltr'><strong>ι)</strong></span> <span class='ocrx_word' id='word_1_481' title='bbox 1945 4918 2059 4973; x_wconf 83' lang='lat' dir='ltr'><strong>Lobeck.</strong></span> 
     </span>
     <span class='ocr_line' id='line_1_42' title="bbox 347 5009 1786 5085; baseline -0.006 -12"><span class='ocrx_word' id='word_1_482' title='bbox 347 5061 353 5073; x_wconf 90' lang='lat'><strong>.</strong></span> <span class='ocrx_word' id='word_1_483' title='bbox 426 5015 560 5082; x_wconf 77' lang='lat' dir='ltr'><strong>Aglaoph.</strong></span> <span class='ocrx_word' id='word_1_484' title='bbox 581 5017 595 5069; x_wconf 94' lang='lat'>1</span> <span class='ocrx_word' id='word_1_485' title='bbox 614 5032 641 5084; x_wconf 87' lang='lat' dir='ltr'><strong>p.</strong></span> <span class='ocrx_word' id='word_1_486' title='bbox 662 5015 727 5070; x_wconf 82' lang='lat'><strong>696.</strong></span> <span class='ocrx_word' id='word_1_487' title='bbox 766 5017 885 5068; x_wconf 81' lang='lat' dir='ltr'><strong>litandis.</strong></span> <span class='ocrx_word' id='word_1_488' title='bbox 906 5017 916 5068; x_wconf 93' lang='lat' dir='ltr'><strong>l</strong></span> <span class='ocrx_word' id='word_1_489' title='bbox 936 5017 954 5070; x_wconf 92' lang='lat' dir='ltr'><strong>l.</strong></span> <span class='ocrx_word' id='word_1_490' title='bbox 974 5018 1003 5070; x_wconf 89' lang='lat'><strong>11</strong></span> <span class='ocrx_word' id='word_1_491' title='bbox 1023 5017 1041 5071; x_wconf 84' lang='lat'>2</span> <span class='ocrx_word' id='word_1_492' title='bbox 1060 5033 1087 5085; x_wconf 88' lang='lat' dir='ltr'><strong>p.</strong></span> <span class='ocrx_word' id='word_1_493' title='bbox 1108 5015 1153 5070; x_wconf 81' lang='lat'><strong>26.</strong></span> <span class='ocrx_word' id='word_1_494' title='bbox 1180 5043 1212 5054; x_wconf 96' lang='lat'><em>-</em></span> <span class='ocrx_word' id='word_1_495' title='bbox 1241 5009 1267 5081; x_wconf 76' lang='grc' dir='ltr'><strong>ο)</strong></span> <span class='ocrx_word' id='word_1_496' title='bbox 1291 5017 1410 5068; x_wconf 80' lang='lat' dir='ltr'><strong>Krische.</strong></span> <span class='ocrx_word' id='word_1_497' title='bbox 1430 5015 1449 5066; x_wconf 94' lang='lat' dir='ltr'><strong>l.</strong></span> <span class='ocrx_word' id='word_1_498' title='bbox 1470 5015 1488 5066; x_wconf 93' lang='lat' dir='ltr'><strong>l.</strong></span> <span class='ocrx_word' id='word_1_499' title='bbox 1510 5031 1536 5080; x_wconf 86' lang='lat' dir='ltr'><strong>p.</strong></span> <span class='ocrx_word' id='word_1_500' title='bbox 1563 5013 1629 5066; x_wconf 80' lang='lat'><strong>321.</strong></span> <span class='ocrx_word' id='word_1_501' title='bbox 1673 5009 1675 5024; x_wconf 93' lang='lat'>&#39;</span> <span class='ocrx_word' id='word_1_502' title='bbox 1783 5011 1786 5016; x_wconf 81' lang='grc'>’</span> 
     </span>
    </p>
   </div>
   <div class='ocr_carea' id='block_1_5' title="bbox 0 0 2394 5634">
    <p class='ocr_par' dir='ltr' id='par_1_5' title="bbox 0 0 2394 5634">
     <span class='ocr_line' id='line_1_43' title="bbox 0 0 2394 5634; baseline 0 2"><span class='ocrx_word' id='word_1_503' title='bbox 0 0 2394 5634; x_wconf 95' lang='lat' dir='ltr'><strong> </strong></span> 
     </span>
    </p>
   </div>
  </div>
 </body>
</html>
