4780 5634
305 715 422 780 homirri
440 731 480 780 eo
506 710 743 789 consuluerunt,
769 709 851 792 quod
877 711 909 774 in
936 710 1038 782 nimiis
1059 711 1140 780 strue
1167 711 1251 778 melis
1277 719 1366 791 etque
1393 711 1564 780 infortuniis
1590 711 1680 779 etium
1697 711 1893 782 cometarium
1922 723 2048 781 mortem

304 831 524 894 mulceremur
550 831 639 904 utque
666 822 834 902 promerunt
848 819 891 904 t).
935 821 1039 904 linque
1065 821 1146 904 quod
1175 831 1208 890 ct
1236 832 1357 892 retum
1379 823 1559 907 Pythagorei
1573 821 1773 892 ersocnres
1800 823 1952 903 mileto,
1979 844 2047 893 cnm

304 945 384 1007 tento
405 953 459 1016 spe
480 934 573 1032 loturi
592 932 725 1014 proemii
739 932 832 1002 diuini
852 933 958 1006 imbuti
985 932 1313 1016 succurreremus
1335 934 1436 1006 versis
1457 943 1713 1012 cunemannus
1734 934 1801 1016 quis
1823 952 1891 1002 oon·
1906 947 2059 1018 enomere

303 1047 407 1116 olleo
429 1048 552 1126 ipsese
580 1043 668 1109 huius
698 1043 838 1124 corporis
855 1042 987 1112 uinculis
1012 1063 1048 1110 se
1074 1043 1249 1124 expetire.
1278 1043 1434 1124 idipsum
1461 1061 1518 1115 uno
1546 1045 1641 1115 Stoici
1670 1045 2048 1126 oecumenicorum

304 1159 418 1226 eutoen
440 1157 643 1224 obtinuerunt.
686 1155 724 1223 Et
750 1155 782 1218 in
804 1154 904 1218 Stoice
931 1155 1051 1236 quidem
1078 1155 1181 1222 schole
1202 1154 1386 1221 uolunteriee
1419 1155 1523 1220 mortis
1548 1155 1614 1235 ipse
1633 1156 1775 1236 princepe
1796 1155 1877 1220 Zeco
1898 1156 2048 1232 funestum

304 1268 474 1348 exemptum
496 1267 598 1345 dedit,
617 1265 698 1347 quod
720 1264 877 1332 Clesuthes
899 1276 931 1331 et
950 1267 1056 1347 procul
1077 1267 1167 1336 dubio
1190 1264 1273 1330 multi
1295 1265 1343 1332 clii
1357 1283 1375 1330 e
1389 1265 1519 1336 ursece-
1533 1265 1685 1346 discipulis
1707 1267 1811 1332 imituti
1831 1275 1924 1345 sunt,·
1940 1285 2049 1348 quetu-

306 1379 465 1448 ndmodum
491 1381 570 1447 irrtsr
592 1379 742 1445 humanm
763 1379 883 1444 monis
908 1377 1078 1460 exemplum
1106 1385 1209 1442 secuto
1237 1384 1282 1442 est
1310 1377 1534 1448 innumerabilis
1562 1377 1685 1450 fortium
1713 1379 1847 1444 uirorum
1877 1379 1987 1446 ruhors
2003 1378 2047 1461 ²).

309 1491 458 1573 Epicurus
486 1499 567 1556 totus
594 1492 624 1556 in
653 1509 688 1560 es
716 1500 957 1570 reoccupatus,
983 1499 1017 1555 ut
1043 1509 1161 1556 omnem
1190 1489 1360 1557 lelicitmenr
1389 1489 1477 1554 huius
1505 1489 1672 1570 praesectis
1695 1490 1773 1554 vine
1803 1505 1859 1552 usu
1878 1495 2048 1568 coerceret,

305 1603 499 1668 vehementur
520 1619 594 1668 sune
615 1601 798 1668 discordavit
820 1619 887 1664 cum
909 1601 1034 1666 Socrete
1056 1610 1088 1665 ct
1109 1601 1246 1679 Plutone,
1269 1601 1320 1680 qni
1337 1617 1460 1665 omnem
1479 1598 1557 1665 heco
1579 1599 1671 1666 ritem
1693 1601 1798 1666 mortis
1820 1601 2049 1676 commentstlo·

304 1733 373 1780 nem
395 1731 465 1780 csse
486 1713 652 1780 voluissent
669 1715 702 1798 ³)
709 1733 718 1788 ;
740 1713 935 1784 uehementer
956 1713 1035 1782 idom
1057 1731 1074 1776 e
1093 1711 1207 1780 ceteris
1228 1709 1366 1776 omnihus
1388 1719 1419 1776 et
1439 1711 1537 1790 poetis
1563 1719 1594 1774 et
1617 1711 1799 1792 philosophis
1820 1712 1975 1792 dissensit,
1998 1711 2049 1792 qui

305 1833 400 1890 tutet
423 1825 511 1894 tentis
534 1825 621 1892 huius
643 1827 723 1890 vitoe
744 1821 943 1891 incommodis
964 1833 1055 1905 etque
1083 1823 1211 1894 miscuis
1231 1823 1397 1904 perspectis
1418 1823 1503 1902 qussi
1528 1821 1704 1888 consciendi
1731 1840 1836 1890 ecesse
1857 1823 1949 1891 Sileni
1976 1821 2049 1888 illud

307 1937 519 2012 decantabunt,
540 1955 600 2001 non
623 1937 706 2000 nesci
726 1937 838 2003 homini
859 1937 952 2020 tcnpe
973 1938 1115 2016 optimum
1137 1953 1216 2012 esse,
1237 1934 1405 2014 proximum
1428 1943 1528 2000 eutem
1550 1953 1638 2015 quom
1661 1935 1789 2016 primum
1810 1935 1941 2018 mortu).
1986 1937 2050 2014 Qus

307 2049 453 2114 sententis
475 2049 541 2127 ipse
562 2045 742 2112 Aristoteles
764 2042 793 2110 ic
806 2047 940 2112 Eudemo
962 2045 1081 2128 dieiogo
1104 2045 1155 2110 illc
1177 2043 1332 2126 deperdito
1355 2063 1428 2111 usus
1448 2055 1496 2110 cst
1517 2063 1554 2108 eo
1576 2045 1656 2124 luco,
1678 2063 1738 2126 quo
1761 2047 1841 2112 vine
1862 2045 1980 2113 iuturee
2001 2045 2049 2110 le·

306 2159 448 2222 licitctem
470 2158 711 2241 praedicenti).
756 2157 802 2222 Ex
824 2159 928 2222 eedem
955 2159 1102 2224 sententis
1131 2175 1198 2220 cum
1227 2157 1275 2218 clii
1297 2156 1420 2237 Epicuri
1452 2156 1590 2238 aequales
1621 2167 1682 2222 tum
1703 2157 1832 2225 Crantor
1853 2158 2050 2231 Academicus

307 2269 409 2333 olllicti
431 2270 520 2331 enimi
542 2270 679 2333 solertem
702 2269 923 2350 hauserunt).
952 2269 1099 2354 Epicurus
1122 2269 1212 2332 vitem
1231 2265 1354 2332 elicere
1376 2267 1560 2348 deplcrmdo
1583 2269 1769 2336 miseriorem
1792 2269 1886 2334 noluit
1902 2278 1933 2336 st
1957 2269 2049 2351 pelen

187 2389 197 2398 ‘
308 2379 456 2443 eiusmodi
478 2381 616 2462 querelas
638 2381 831 2462 reprehendit
853 2383 899 2444 rel
921 2381 1051 2444 ludendo
1073 2381 1276 2462 interrogans,
1298 2397 1354 2442 cur
1377 2365 1496 2442 non'ex
1518 2380 1579 2441 vite
1602 2379 1763 2444 excederet
1781 2380 1890 2461 ponus,
1911 2379 1963 2461 qui
1981 2377 2048 2445 telis

307 2491 455 2556 crederet.
500 2489 652 2574 Diogenes
672 2491 769 2556 Laert.
794 2493 824 2554 X
850 2493 925 2558 126:
947 2491 1027 2554 noti
1049 2489 1083 2554 di
1101 2487 1218 2572 χοίρων
1241 2485 1296 2554 καί
1317 2485 1333 2550 ὁ
1356 2487 1472 2570 λέγων,

870 2641 908 2654 -
934 2602 1030 2664 καλᾶν
1051 2599 1108 2678 μὲν
1128 2601 1171 2682 μῆ
1195 2601 1308 2682 φῦναι,

695 2702 796 2786 φύντα
821 2699 933 2778 δ’ὅπως
957 2698 1053 2777 ὤκεςα
1075 2700 1176 2776 πύλας
1194 2697 1297 2764 Ἀΐδαο
1320 2702 1460 2784 περῆσαι.

310 2811 414 2891 εἰμὲν
435 2813 494 2896 γὰρ
517 2813 677 2887 πεποιθώς
706 2812 794 2874 τοῦτο
818 2813 917 2896 φησί,
948 2813 1013 2887 πῶς
1043 2809 1098 2876 οὐκ
1127 2811 1292 2895 ἀπέρχεται
1315 2813 1348 2874 ἐκ
1370 2813 1424 2874 τοῦ
1455 2813 1527 2894 ζῆνς
1561 2813 1718 2877 Lucretius
1739 2814 1900 2896 Epicurum
1933 2816 2050 2879 {tullens

310 2925 409 2989 multis
431 2925 505 2988 locis
528 2935 629 2989 monet
649 2925 797 3004 homines,
820 2935 852 2988 ut
875 2935 1000 2990 rnortem
1022 2943 1268 3006 communemque
1289 2933 1412 2988 naturae
1425 2932 1538 2988 sortem
1551 2925 1658 2990 timere
1672 2937 1702 2990 et
1717 2925 1876 3007 deplorare
1888 2927 2049 3001 desistent;

308 3037 415 3114 premit
437 3039 582 3116 maxime,
605 3036 716 3099 nullum
738 3037 768 3099 in
793 3046 888 3100 morte
910 3055 1031 3102 sensum
1053 3037 1181 3118 ideoque
1203 3035 1315 3099 nullum
1339 3036 1447 3098 melum
1468 3035 1569 3099 inesse
1582 3035 1710 3119 ⁷);·sed
1732 3036 1811 3100 idem
1826 3045 1941 3101 tontum
1954 3038 2049 3117 obest,

311 3155 344 3208 ut
364 3146 394 3207 im
418 3147 472 3208 hec
494 3149 554 3211 vito
575 3149 685 3211 bonurn
707 3165 776 3210 esse
799 3147 925 3211 letentur
946 3149 1085 3230 vitesque
1107 3167 1163 3212 usu
1184 3148 1323 3225 luctetur,
1343 3155 1377 3210 ut
1397 3163 1470 3227 ques
1492 3146 1640 3228 Epicurus
1661 3149 1853 3228 querentium
1875 3166 1967 3214 uoces
1989 3151 2050 3212 lm·

311 3256 465 3336 probavit,
487 3257 607 3321 eosdem
628 3257 763 3339 proteret
785 3266 816 3322 et
838 3259 945 3340 probet
955 3258 1000 3343 8).
1044 3259 1142 3342 Neget
1164 3277 1222 3322 nou
1246 3259 1328 3320 nesci
1350 3257 1457 3321 molum
1479 3277 1560 3324 esse=
1594 3259 1619 3322 V
1645 3261 1706 3324 176

695 3370 806 3451 quidve
827 3370 896 3432 moli
917 3369 1016 3434 lueret
1038 3371 1204 3433 nobiscum
1226 3387 1294 3433 esse
1316 3369 1448 3432 creetis?

308 3479 377 3542 htic
398 3497 473 3544 cero
496 3477 563 3546 loco
585 3479 732 3545 hominem
755 3469 926 3545 noscentem
949 3480 1102 3562 deploret:
1125 3481 1151 3542 V
1174 3480 1237 3543 226
1259 3497 1302 3560 sq.
1383 3503 1387 3510 ’
1440 3555 1443 3566 Ι

695 3595 860 3678 vogituque
881 3593 980 3657 locum
1003 3592 1124 3676 lugubri
1146 3577 1292 3672 cor'nplet,
1314 3597 1348 3653 ut
1369 3602 1524 3672 aequumst

694 3685 743 3768 cui
764 3713 878 3768 tuntum
899 3691 1013 3768 iovite
1034 3711 1130 3767 restet
1150 3703 1278 3766 tmnsire
1299 3701 1454 3766 melorum.

313 3811 371 3885 Qui
392 3829 499 3874 uersus
527 3817 663 3893 expressi
692 3831 761 3878 esse
782 3815 923 3879 videntur
942 3832 983 3878 ex
1012 3814 1161 3877 celemon
1186 3813 1235 3876 ille
1263 3814 1428 3894 sententie,
1456 3831 1513 3897 que
1541 3816 1571 3879 in
1599 3817 1785 3900 Cresphonte
1813 3835 1887 3882 usus
1915 3827 1964 3882 est
1984 3815 2051 3880 llu-

309 3919 437 4001 ripides,
460 3939 547 4003 quem
570 3934 686 4003 poetam
709 3925 809 3990 multis
829 3925 905 3988 locis
925 3923 1084 3988 Lucretius
1109 3924 1239 3991 imitetus
1260 3933 1308 3988 est
1323 3921 1376 4008 ⁹):
1873 3905 1878 3912 ¹

695 4025 787 4111 ἐχρῆν
809 4027 868 4110 γὰρ
891 4025 984 4108 ἡμᾶςΙ
998 4024 1149 4106 σύλλογον
1170 4023 1374 4104 ποιουμένους

693 4129 746 4190 τὸν
767 4127 869 4211 φύντα
892 4133 1038 4212 θρηνεῖν,
1062 4129 1105 4203 εἰς
1128 4124 1298 4209 ὅο’ἑ’ρχεται
1320 4125 1410 4203 κακά,

693 4229 748 4292 τὸν
770 4222 845 4293 d'nri
868 4229 1005 4296 θανόντα
1029 4229 1085 4294 καὶ
1106 4229 1211 4294 πόνων
1232 4227 1426 4308 πεπαυμένον

689 4328 861 4415 χαίροντας
883 4332 1099 4418 εὐφημοῦντας
1122 4331 1287 4410 ἐκπέμπειν
1309 4331 1424 4410 δόμων.

309 4421 552 4430 ..w-a*-

426 4481 449 4553 ¹)
475 4489 517 4540 De
542 4487 634 4541 Stoicis
660 4493 710 4543 vid.
737 4493 813 4557 Diog.
841 4493 872 4543 L.
899 4494 954 4544 vn
983 4493 1044 4545 130.
1090 4493 1183 4544 Zellsr.
1207 4493 1226 4542 l.
1253 4491 1272 4541 1.
1299 4491 1342 4542 111
1372 4489 1435 4542 185.
1474 4489 1514 4539 De
1538 4487 1673 4555 Epicureis
1698 4491 1748 4542 rid.
1776 4491 1854 4559 Blog.
1878 4497 1909 4547 L.
1935 4497 1962 4550 X
1990 4493 2052 4552 145.

423 4577 478 4630 Οἰο.
498 4581 530 4629 ds
549 4579 592 4630 fin.
611 4578 627 4630 I
649 4577 692 4631 19.
732 4579 870 4631 Steinhsrt.
896 4583 922 4631 ln
941 4581 1034 4634 Erech.
1062 4591 1088 4633 et
1107 4581 1189 4634 Grmh.
1219 4581 1316 4645 encycl.
1343 4595 1364 4631 s.
1384 4596 1408 4630 u.
1427 4579 1501 4645 Epic.
1522 4594 1548 4643 p.
1570 4572 1636 4630 duo.
1664 4603 1699 4616 -·
1730 4578 1752 4644 ²)
1782 4582 1860 4648 Πίος.
1879 4585 1911 4637 1..
1932 4585 1987 4638 v11
2006 4587 2052 4642 28.

431 4667 492 4720 tuo.
534 4669 576 4722 Gi.
597 4669 712 4722 Lessulx
731 4671 870 4747 demersis
891 4671 1021 4724 ᾶοπιίποοιι
1040 4673 1065 4722 lm
1084 4680 1190 4746 veteres.
1209 4672 1312 4723 Moneri
1339 4667 1411 4722 1835
1432 4685 1458 4734 p.
1479 4663 1525 4718 42.
1548 4691 1582 4703 —
1606 4665 1629 4734 ³)
1650 4670 1719 4720 Plet.
1739 4669 1839 4724 Phsed.
1859 4689 1884 4739 p.
1906 4671 1943 4727 ut
1963 4677 1995 4730 B.
2016 4704 2053 4716 -

428 4749 453 4819 ‘⁸)
474 4755 516 4808 Ol.
536 4761 665 4812 Welclcer.
686 4761 718 4811 de
735 4761 847 4811 Prodico
867 4759 920 4813 Ceo
939 4762 965 4812 iu
984 4763 1076 4814 Museo
1094 4763 1179 4814 Rheu.
1193 4755 1432 4825 secutumque
1448 4759 1550 4824 sqq.-'-
1564 4756 1587 4822 ⁵)
1608 4759 1743 4812 Plutarch.
1756 4759 1860 4815 consol.
1879 4766 1911 4816 sd
1930 4767 2054 4832 Apollom.

427 4861 450 4898 c.
472 4845 518 4898 cr.
547 4873 583 4886 -
610 4843 633 4914 (ε)
661 4849 794 4902 eruens.
816 4851 849 4902 m.
889 4852 1017 4904 wercum.
1042 4853 1060 4904 ι.
1081 4853 1100 4903 1.
1119 4867 1144 4917 p.
1165 4849 1231 4905 eos.
1259 4873 1294 4886 -
1323 4848 1346 4914 η
1372 4849 1416 4900 111
1436 4847 1618 4902 eos-mou.
1647 4872 1684 4884 -
1709 4839 1733 4910 ⁸)
1761 4852 2054 4924 consecremus.

425 4929 551 5004 ud-ffet.
572 4962 608 4975 -
628 4932 652 5003 ⁹)
673 4943 713 4994 lh.
734 4936 858 4995 :ts-42.
877 4941 966 5009 Eurip.
986 4943 1079 5008 irsgm.
1095 4941 1166 4993 XIII
1185 4943 1211 4993 in
1230 4943 1289 4993 edic
1310 4939 1490 5004 mutuemur,
1507 4939 1605 4991 Poetse
1624 4939 1723 4992 scenici
1744 4941 1790 4996 (ir.
1802 4969 1837 4982 -
1852 4943 1894 4996 Gi.
1912 4945 2055 5002 Cic'I'us'c.

425 5025 439 5075 1
462 5020 507 5090 48,
530 5027 592 5080 115.
631 5031 720 5097 Eurip.
739 5033 888 5100 Belleropb.
905 5033 997 5098 imgm.
1018 5032 1078 5084 XX.
