4780 5634
1107 478 1300 540 ..6-

328 679 387 742 hoc
409 676 557 741 subtiliter
580 676 675 760 megis
697 693 785 758 quem
808 675 955 740 dilucide:
985 683 1018 740 ut
1040 673 1143 755 facile,
1167 676 1196 739 id
1218 675 1298 757 quod
1321 674 1466 738 accidisse
1489 673 1567 738 inira
1591 673 1777 758 iidebimus,
1800 678 1874 744 iolso
1896 681 2080 749 intellectum

328 788 367 854 sit
390 788 592 853 mediocribus
612 787 764 853 hominum
793 789 932 870 ingeniis.
977 785 1037 870 lpsi
1058 799 1143 852 certe
1165 797 1320 863 auctores,
1353 786 1593 868 qualemcunque
1622 789 1748 868 portium
1771 800 1951 856 concentum
1980 804 2078 861 mente

328 908 543 992 conceperunt,
566 900 683 979 penitus
704 915 875 962 connexum
896 915 964 962 cum
987 915 1117 978 corpore
1139 897 1268 960 animum
1290 897 1464 962 notuerunt
1503 896 1578 960 Nam
1600 899 1716 964 enimes
1737 901 1921 966 immortales
1942 905 2103 971 mortali-t

329 1010 385 1073 bus
399 1009 578 1090 corporibus
591 1009 731 1074 dixerunt
754 1027 867 1090 poenos
880 1025 989 1072 caussa
1009 1025 1079 1072 essa
1091 1006 1229 1090 alligatos
1248 1017 1281 1072 et
1302 1015 1440 1090 tunquam
1453 1008 1483 1070 in
1505 1008 1647 1089 sepulcro
1669 1011 1796 1092 quodam
1811 1013 1861 1076 vel
1882 1032 2007 1080 carcere
2028 1019 2080 1081 in·

328 1119 429 1184 clusos
452 1139 487 1182 ea
509 1120 697 1199 condicione,
719 1129 752 1184 ut
773 1139 829 1201 pro
851 1140 885 1185 se
907 1120 1032 1202 quisque
1053 1120 1132 1182 inter
1151 1123 1241 1198 vllem
1264 1120 1335 1184 inde
1355 1139 1391 1184 se
1411 1120 1555 1200 expedire
1576 1119 1713 1199 deberet,
1734 1139 1793 1202 quo
1817 1122 1921 1188 mortis
1944 1133 2080 1204 tempore

327 1231 466 1298 sincerus
490 1231 678 1313 terrenisque
706 1231 847 1295 sordibus
870 1249 962 1312 purus
992 1231 1022 1294 in
1043 1229 1177 1300 eoeleste
1197 1230 1379 1295 domicilium
1401 1231 1569 1314 remigrare
1591 1241 1693 1310 posset
1718 1233 1761 1314 ¹).
1808 1233 1898 1298 liulta
1920 1243 2018 1297 autem
2040 1235 2079 1298 de

328 1342 495 1406 animorum
525 1351 592 1422 post
614 1350 742 1404 mortem
770 1350 849 1406 statu
871 1320 1039 1405 decuerunt
1060 1341 1236 1419 obscurius,
1266 1360 1336 1404 cum
1358 1341 1464 1408 iabulis
1486 1351 1659 1422 poetarum,
1689 1353 1750 1407 lum
1771 1343 1837 1407 aliis
1859 1346 2006 1412 eiusmodi
2028 1346 2077 1408 in-

329 1453 462 1517 volucris
484 1464 515 1517 et
536 1453 750 1537 integumentis
766 1454 829 1531 usi,
851 1454 949 1536 qualia
970 1453 1122 1536 mysteriis
1136 1470 1171 1514 oc
1187 1452 1320 1534 reliquae
1334 1453 1418 1534 vulgi
1432 1453 1638 1533 superstitioni
1652 1455 1875 1520 accommodato
1891 1457 2077 1522 siderentur.

328 1563 430 1646 ltuque
460 1583 512 1628 eos
542 1567 673 1642 animos,
699 1565 750 1646 qui
770 1565 850 1628 uitiis
870 1575 961 1647 atque
987 1563 1109 1648 flagitiis
1138 1565 1168 1626 iu
1189 1563 1243 1626 huc
1263 1565 1324 1628 vita
1353 1579 1386 1626 se
1415 1565 1682 1643 contaminassent,
1710 1574 1868 1646 autequam
1890 1566 1926 1630 ad
1949 1566 2076 1633 deorum

327 1676 503 1740 societatem
531 1676 741 1757 pervenirent,
770 1676 897 1740 luendae
933 1695 1047 1756 pnsum
1079 1693 1184 1740 caussa
1213 1683 1265 1738 sut
1292 1675 1330 1738 ad
1359 1673 1472 1738 inferos
1504 1677 1683 1740 transituros
1712 1685 1763 1742 aut
1784 1695 1838 1758 per
1859 1678 1915 1742 elia
1938 1678 2077 1760 deinceps

328 1804 457 1868 corpora
478 1788 543 1850 sive
566 1787 716 1851 bominum
737 1787 803 1852 sire
826 1789 981 1851 brutorum
1004 1789 1186 1870 migraturos
1207 1805 1275 1850 csse
1296 1795 1465 1852 statuerunt
1486 1785 1531 1870 ²).
1571 1787 1665 1867 ldque
1686 1787 1752 1868 ipse
1774 1787 1961 1870 Pythagoras
1982 1788 2077 1854 fertur

329 1915 480 1978 narrasse,
503 1916 537 1962 se
559 1898 629 1962 olim
652 1899 728 1980 apud
750 1897 864 1962 inlesos
885 1899 1029 1980 supplicia
1052 1898 1195 1979 melorum
1218 1897 1340 1974 uidisse,
1362 1897 1451 1959 etiem
1472 1915 1506 1961 se
1528 1897 1694 1974 recordari,
1717 1899 1746 1961 in
1768 1899 1877 1980 quibus
1899 1907 1986 1964 colea
2004 1919 2078 1964 cor·

329 2008 453 2088 poribus
475 2008 609 2073 inclusus
630 2009 736 2072 fuisset
752 2011 796 2091 ³).
818 2008 929 2072 Similia
950 2009 992 2072 dc
1010 2027 1066 2074 suo
1088 2007 1153 2088 ipse
1175 2008 1354 2090 migratione
1375 2007 1549 2072 recordetur
1572 2017 1619 2072 est
1639 2017 1729 2089 poeta
1751 2007 1945 2089 pbdosophrrs
1967 2009 2078 2092 Empe-

327 2117 442 2198 docles,
463 2119 514 2200 qui
537 2120 594 2184 boc
616 2121 705 2186 etium
727 2117 964 2200 superstitiosius
985 2117 1114 2197 eddidit,
1138 2137 1172 2182 se
1194 2119 1264 2182 olim
1287 2135 1346 2180 nen
1369 2117 1466 2182 solum
1489 2119 1603 2184 bestiae
1625 2119 1678 2184 sed
1701 2119 1818 2200 plantus
1840 2120 1927 2183 etism
1951 2120 2077 2184 formam

327 2229 460 2294 induisse
471 2227 518 2314 1).
562 2230 704 2312 idemque
725 2229 918 2312 philosophus
947 2230 1004 2294 etsi
1033 2231 1162 2294 animum
1188 2230 1285 2294 natiso
1307 2229 1408 2293 indole
1435 2230 1567 2292 divinum
1590 2247 1659 2296 esse
1688 2239 1718 2294 et
1747 2232 1946 2296 immortalem·
1972 2233 2075 2307 sensit,

328 2351 425 2404 tamen
460 2359 527 2404 curu
561 2343 699 2406 omnibus
727 2344 848 2410 omnino
879 2340 1091 2418 solemnius,
1123 2341 1212 2406 etism
1245 2341 1353 2422 plantis
1381 2341 1528 2404 tribueret
1557 2341 1618 2404 virn
1645 2341 1832 2424 intelligendi
1865 2352 1895 2406 et
1923 2341 2075 2426 cogitandi

328 2450 505 2536 (φρόνησιν
521 2449 578 2515 uui
598 2451 732 2536 rippa),
755 2454 853 2516 minus
875 2451 954 2514 illum
976 2467 1064 2532 quarn
1086 2453 1144 2534 ipsi
1165 2449 1344 2535 Pythagorei
1366 2469 1383 2512 s
1404 2461 1488 2531 parte
1511 2453 1628 2518 mortali
1649 2462 1680 2516 et
1702 2453 1854 2516 deteriore
1876 2453 2010 2518 distinxit
2031 2449 2075 2535 ⁵).

327 2562 391 2626 Nec
413 2562 610 2656 Empedocles
632 2563 704 2629 saris
724 2563 791 2627 sibi
812 2563 946 2628 constitit
978 2562 1010 2625 in
1031 2563 1180 2628 sententio
1199 2562 1237 2627 ds
1259 2563 1424 2626 animorum
1446 2561 1581 2645 origines
1610 2563 1701 2626 modo
1721 2563 1799 2626 enim
1822 2573 1961 2644 tanquam
1989 2571 2073 2626 vates

328 2675 494 2740 enuntiavit
516 2692 570 2738 eos
592 2674 734 2738 divinitus
763 2683 794 2738 et
815 2673 1007 2738 extrinsecus
1037 2674 1067 2736 in
1090 2691 1218 2756 corpora
1246 2674 1369 2750 inferri,
1397 2674 1486 2740 medo
1509 2683 1646 2754 tanquam
1675 2673 1817 2756 physicus
1840 2675 1941 2738 statuit
1962 2692 2017 2738 eos
2039 2691 2078 2736 err

328 2785 431 2850 mundi
453 2786 609 2849 elementis
632 2786 775 2849 mixtIone
797 2777 922 2868 quodam
944 2783 1156 2864 particulorum
1177 2793 1207 2848 et
1228 2784 1373 2866 temperie
1395 2785 1480 2866 quasi
1500 2785 1603 2848 enasci
1618 2784 1663 2868 ⁶).
1709 2785 1882 2850 Cuiusmodi
1904 2787 2077 2867 opinionum
2175 2869 2177 2874 ,

328 2898 490 2962 discrimen
512 2899 570 2960 iem
592 2905 662 2960 arrte
674 2896 885 2979 Empedoclem
904 2896 1040 2960 extitisse
1062 2905 1093 2960 et
1113 2895 1163 2960 vel
1185 2869 1411 2962 controversiae
1432 2914 1534 2958 unsom
1560 2895 1744 2976 philosophis
1758 2897 1890 2974 dedisse,
1901 2915 1942 2960 ex
1965 2897 2077 2978 paucis,

328 3025 405 3090 quos
426 3005 579 3092 Diogenes
588 3009 725 3073 Laertius
747 3009 891 3086 seruauit,
913 3009 1051 3072 versibus
1073 3007 1175 3092 colligi
1195 3007 1521 3090 potsstEpichurmeis,
1542 3009 1575 3070 in
1596 3008 1706 3088 quibus
1728 3009 1779 3071 ovi
1800 3007 1939 3089 exemplo
1960 3023 2075 3089 propo-

271 3189 276 3208 ,
329 3119 387 3184 sito
414 3117 543 3184 elicitur
575 3120 703 3184 animum
731 3139 791 3184 non
818 3121 1009 3184 extriosecus
1037 3119 1067 3182 in
1096 3135 1207 3201 eorpus
1236 3120 1371 3202 ingredi,
1401 3118 1455 3206 sed
1484 3118 1624 3183 latentem
1654 3119 1771 3200 inipso
1794 3137 1924 3200 corpore
1952 3126 2078 3182 naturas.

213 3231 217 3238 '
329 3231 456 3313 quadan
479 3232 509 3294 si
531 3231 656 3314 genitali
675 3233 795 3296 incendi
815 3242 846 3298 et
868 3233 952 3313 quasi
974 3231 1128 3312 procreuri
1147 3233 1192 3313 ⁷).
1235 3229 1343 3294 Varius
1365 3240 1396 3294 et
1416 3229 1554 3294 subtilius
1582 3229 1690 3292 mentis
1712 3236 1848 3292 naturam
1871 3227 2004 3292 delinivit
2025 3229 2077 3308 qui

328 3339 512 3424 Empedoele
534 3339 589 3408 luit
610 3351 708 3408 aetate
728 3334 823 3424 prior,
844 3343 997 3423 discipline
1019 3343 1170 3423 posterior
1188 3339 1390 3422 philosophus,
1412 3347 1619 3424 Anaxagoras,
1641 3339 1809 3408 auctorille
1832 3341 1933 3422 plocili
1953 3339 2078 3423 gravis·

329 3454 397 3516 simi
419 3443 458 3516 de
479 3462 579 3518 mente
601 3469 675 3534 pura
698 3464 728 3517 et
749 3453 886 3534 simplici,
907 3471 984 3534 quae
1004 3453 1199 3537 intelligentia
1219 3469 1273 3516 sua
1294 3453 1431 3534 disponat
1447 3462 1555 3518 cuneta
1578 3462 1609 3517 et
1630 3454 1789 3536 gubernet.
1814 3453 1856 3516 At
1869 3453 2078 3534 Anaxagoras,

329 3573 363 3627 ut
385 3565 417 3626 in
440 3565 551 3630 ceteris
573 3565 680 3643 rebus,
707 3565 778 3646 quid
801 3563 920 3630 divinae
949 3566 1041 3630 menti
1068 3561 1256 3630 tribuendum
1279 3573 1378 3642 esset,
1405 3579 1513 3645 purum
1542 3565 1714 3645 perspexit,
1741 3564 1782 3629 itu
1811 3579 1869 3627 nec
1896 3565 1927 3628 in
1957 3562 2078 3628 humani

330 3677 420 3740 enimi
441 3685 575 3740 naturam
598 3676 761 3740 studiosius
783 3676 946 3759 inquisivit,
967 3693 1023 3740 nec
1044 3675 1082 3742 de
1103 3685 1183 3740 statu
1208 3683 1277 3757 post
1299 3684 1425 3740 mortem
1448 3691 1537 3738 secus
1557 3673 1621 3738 lere
1642 3691 1677 3736 nc
1699 3673 1814 3758 physici
1835 3673 2009 3755 superiores
2032 3669 2078 3733 ci-

330 3789 419 3851 rletur
440 3789 571 3852 sensisse
584 3785 629 3878 i).
670 3787 787 3852 Clarius
806 3797 837 3852 et
857 3787 1056 3852 conlidentius
1077 3787 1116 3850 de
1137 3788 1192 3852 hoc
1213 3805 1248 3850 re
1269 3783 1422 3851 disserere
1443 3788 1543 3868 eoepit
1565 3785 1716 3864 Socrates,
1737 3801 1827 3866 quem
1848 3791 1966 3850 constet
1987 3793 2080 3850 totam

330 3899 534 3980 philosophiae
555 3899 767 3980 dIsprlinams
784 3907 907 3988 naturae
929 3901 1020 4005 rebus
1042 3897 1222 3963 absconditis
1242 3905 1274 3959 et
1296 3896 1422 3962 occultis
1437 3897 1474 3960 od
1496 3897 1625 3962 mimum
1637 3895 1883 3980 cognoscendum
1904 3911 2076 3960 revocasse

451 4193 472 4258 ¹)
483 4193 597 4245 Philolsi
608 4192 702 4258 irogus.
712 4209 754 4260 sp.
764 4195 879 4246 Boeclrb.
894 4211 920 4260 p.
934 4193 997 4248 181.
1011 4194 1206 4264 μοιριορέονναν
1219 4189 1249 4245 dl
1266 4195 1312 4246 sot
1334 4193 1361 4246 ol
1377 4193 1489 4245 παλαιοὶ
1509 4191 1638 4262 θεολόγον
1653 4207 1678 4244 τε
1698 4194 1742 4242 ναὶ
1757 4188 1880 4260 μάντεις.
1897 4185 1934 4244 ὥς
1946 4184 1995 4238 διά
2005 4203 2079 4244 τινας

446 4283 576 4350 ιιμωρίος
587 4279 606 4331 ci
616 4282 691 4350 ψυχὰ
701 4283 736 4348 sqi
745 4279 850 4350 scripsere
860 4281 1029 4343 συνέζευκται
1037 4285 1081 4332 arci
1092 4279 1219 4348 καθάπερ
1230 4281 1261 4332 ἐν
1270 4279 1374 4352 σάματι
1389 4281 1471 4351 τούτῳ
1481 4285 1622 4336 tidenter,
1639 4282 1749 4334 Brundis
1760 4281 1774 4332 1
1788 4278 1834 4332 87.
1845 4274 1911 4330 495.
1921 4301 1957 4316 ·-
1972 4269 2079 4346 ²),me

445 4371 564 4424 tenbscb.
584 4371 680 4437 Opusc.
701 4371 731 4424 11
749 4387 775 4436 p.
799 4369 853 4424 100
874 4387 929 4438 sqq.
948 4372 1058 4424 Brendh
1076 4373 1091 4423 1
1112 4371 1176 4424 501.
1196 4371 1278 4424 steen
1292 4373 1353 4424 hist.
1373 4373 1468 4440 philos.
1488 4372 1629 4435 Pythagor.
1646 4369 1755 4422 216.-
1771 4366 1795 4436 ³)
1812 4369 1889 4434 Diog.
1909 4369 1994 4420 Luert.
2009 4365 2079 4416 VIII

447 4455 538 4512 411.
558 4455 604 4514 41.
620 4483 656 4498 —
669 4457 694 4526 ⁴)
708 4462 828 4514 Karsten.
845 4461 1009 4528 Empedoclis
1024 4463 1145 4530 reliquiae
1157 4477 1184 4528 p.
1199 4461 1264 4516 500.
1283 4483 1321 4498 ·-
1337 4460 1361 4522 t)
1375 4463 1496 4514 Kersteu.
1514 4476 1540 4526 p.
1556 4453 1621 4514 490.
1639 4461 1720 4512 Bittcr
1734 4459 1785 4511 tt
1808 4475 1834 4526 p.
1849 4457 1914 4512 216.
1928 4481 1965 4494 -
1978 4448 2003 4520 ὁ)
2021 4456 2079 4509 Sto·

447 4550 527 4602 bueus
546 4549 729 4616 Empedoclem
748 4567 765 4604 s
784 4552 954 4618 Pythagoreis
972 4554 1128 4618 regreperiae
1156 4535 1547 4621 componascomnponas,
1569 4547 1702 4606 Πλάτων.
1722 4545 1903 4618 strumene,
1924 4545 2078 4610 Κλεάνθης.

447 4635 574 4707 θύραθεν
592 4642 778 4708 sterneretur
797 4643 844 4693 τόν
863 4647 936 4694 νοῦν.
976 4639 1156 4710 Παρμενίδης
1181 4644 1227 4694 arci
1243 4637 1430 4711 Ἐμπεδοκλᾷς
1454 4643 1500 4692 καὶ
1527 4635 1696 4708 Δημόκριτος
1722 4638 1819 4690 νοῦιὸν
1842 4639 1907 4694 νοῦς
1932 4640 1978 4688 sci
1998 4639 2078 4704 ψυχὴ,

448 4728 511 4778 καθ’
533 4722 579 4784 oris
600 4725 681 4780 οὐδὲν
700 4726 735 4781 ἄν
755 4729 795 4792 sin
816 4731 885 4789 ζῶον
904 4715 1008 4800 ἔὶογον
1026 4732 1133 4798 κυρίως.
1153 4731 1210 4784 ΕοΙ.
1230 4731 1306 4797 phys.
1325 4732 1340 4783 1
1360 4732 1405 4793 51,
1425 4731 1440 4782 7
1461 4747 1488 4798 p.
1510 4729 1573 4784 700.
1593 4731 1714 4784 herten.
1732 4743 1759 4794 p.
1773 4721 1883 4782 iffi*
1899 4724 1922 4790 ²)
1944 4727 2076 4792 ctusop.

447 4815 574 4870 Schmidt.
594 4815 700 4880 Quam.
711 4817 859 4886 Epiehcrm.
879 4819 978 4872 dissert.
997 4819 1080 4872 Bonm
1104 4815 1176 4874 1046
1197 4837 1222 4888 p.
1244 4821 1290 4874 51.
1310 4820 1359 4876 Ori
1378 4821 1443 4872 illud
1462 4820 1606 4886 exemplum
1625 4835 1658 4870 ex
1677 4819 1782 4870 nemesis
1795 4817 1967 4884 Orpbieernm
1986 4825 2077 4882 myrte-

447 4908 492 4958 riis
511 4907 722 4973 originemduxit.
743 4908 907 4962 Chirobcek.
916 4909 1077 4976 estsuper
1096 4904 1162 4964 476.
1177 4911 1214 4948 -“-
1227 4901 1251 4978 u)
1271 4909 1425 4964 Aricotste·
1444 4909 1475 4962 de
1495 4924 1536 4962 su.
1557 4909 1571 4962 1
1591 4909 1617 4970 2,
1638 4909 1664 4962 5.
1684 4909 1802 4962 Bruttiis.
1822 4908 1841 4960 1.
1852 4907 1871 4960 l.
1892 4908 1907 4960 1
1927 4905 1991 4960 too.
2012 4899 2076 4954 26⁷.

448 4997 586 5050 Steinhsrt.
607 4998 627 5049 1.
646 4999 664 5048 l.
685 5014 710 5064 p.
731 4997 797 5052 376.
1520 4990 1526 4998 ’
