4780 5634
1142 485 1192 550 Ι

294 687 379 752 Item.
401 687 555 768 sequitur,
584 695 618 747 ut
648 683 738 748 enimi
767 691 876 748 nature
899 681 1133 748 atum-ntra·
1164 683 1305 748 ntum
1330 683 1491 766 quiddam,
1522 684 1721 766 quempardt
1754 687 1785 750 in
1819 704 1949 768 corpore
1983 705 2043 769 po.

291 804 413 864 tw:
957 819 979 846 .·
1079 823 1082 832 ψ
1206 816 1388 850 μὴ...
1456 813 1657 846 ....,

377 797 397 882 J
679 923 709 976 ut
731 914 851 977 dimissa
872 907 1101 993 ammam
1121 923 1212 977 caret
1228 913 1495 994 mrttoneeanme

678 1023 777 1104 parur
797 1017 1466 1104 manonteampcmctcmmttetmun
1489 1037 1612 1094 aero.¹
1724 1045 1726 1053 ⁴
1782 1035 1785 1042 ’
1862 1056 1865 1065 =
1911 1062 1915 1071 ‚
1993 1041 1998 1055 ·

419 1159 473 1224 His
495 1157 589 1243 igitur
611 1154 748 1221 omnibus
771 1169 894 1240 apparet
916 1159 994 1221 inter
1016 1149 1222 1240 Pytiiagoreos
1244 1168 1275 1224 et
1295 1157 1462 1240 Epicureos
1485 1149 1645 1225 discrimen
1668 1160 1878 1226 in't'ercessisse
1901 1158 2043 1246 perquam

293 1273 435 1356 exiguum
453 1273 497 1355 ²).
542 1271 680 1352 Epicurei
702 1271 831 1333 animum
853 1271 1036 1332 harmoniam
1059 1287 1127 1332 esse
1148 1271 1199 1333 vei
1220 1271 1357 1351 corporis
1380 1271 1510 1334 habitum
1535 1273 1653 1336 vitalem
1676 1275 1706 1337 in
1729 1275 1855 1355 partium
1877 1273 2045 1356 aequabiti-

294 1393 354 1450 tate
377 1383 501 1464 quadam
523 1383 653 1464 positum
675 1392 838 1465 negarunt3
862 1389 947 1444 recte
969 1367 1198 1445 enim'viderunt
1219 1383 1248 1443 in
1272 1383 1390 1445 honrine
1413 1383 1484 1446 alias
1506 1395 1606 1464 partes
1629 1383 1695 1447 aliis
1711 1387 1741 1448 vi
1763 1395 1794 1451 et
1815 1385 1955 1450 tenuitate
1976 1401 2045 1449 esse

297 1495 547 1576 praestantiorem
569 1493 622 1556 sed
643 1493 700 1574 ipsi
722 1509 840 1557 omnem
862 1503 959 1555 tamen
982 1491 1151 1554 animi'vim
1174 1501 1204 1555 et
1226 1486 1394 1556 facultatem
1417 1493 1483 1556 solo
1505 1495 1536 1558 in
1561 1493 1749 1560 diversarum
1772 1497 1900 1580 partium
1922 1497 2047 1561 foedere

295 1607 423 1688 quodam
445 1613 475 1670 et
497 1623 646 1669 consensu
669 1603 869 1679 collocarunt3
903 1605 971 1684 quin
1003 1621 1121 1666 omnem
1147 1602 1227 1665 iilam
1249 1603 1309 1665 uim
1339 1619 1455 1666 marum
1477 1605 1616 1669 accidens
1638 1607 1777 1688 quiddam
1801 1627 1870 1671 esse
1892 1609 2045 1684 dixerunt,

296 1719 376 1799 quod
398 1727 458 1781 tota
480 1717 697 1800 compositione
717 1717 861 1781 dissoluta
883 1717 1053 1778 necessario
1076 1721 1281 1778 evanesceret.

425 1827 457 1891 in
480 1826 625 1893 eiusmodi
640 1847 714 1892 varo
734 1827 905 1892 definitione
927 1843 985 1887 una
1008 1842 1058 1888 res
1071 1825 1228 1906 Epicureis
1250 1843 1309 1888 non
1333 1829 1428 1907 potuit
1451 1844 1509 1889 non
1534 1829 1690 1891 maximam
1706 1829 1815 1893 afferre
1831 1826 2044 1893 difficultatem.

298 1939 388 2004 Tanta
410 1941 489 2003 enim
512 1941 600 2002 animi
621 1948 652 2002 et
680 1941 817 2021 corporis
846 1937 1046 2000 consensione
1075 1935 1235 2000 constituta
1263 1935 1453 2001 ratmundum
1483 1947 1564 2018 erat,
1597 1939 1677 2020 quod
1707 1939 1770 2002 aliis
1800 1937 1952 2020 placebat,
1985 1959 2045 2003 non

298 2070 439 2134 corpore,
462 2052 515 2114 sed
537 2053 601 2116 sola
624 2053 719 2114 anima
736 2051 781 2114 vet
805 2057 905 2112 mente
927 2047 1041 2128 percipi
1063 2065 1113 2110 res
1136 2054 1166 2110 et
1187 2047 1300 2110 sentiri.
1324 2047 1439 2112 Deinde
1454 2067 1538 2130 vero,
1562 2069 1629 2114 cum
1650 2063 1680 2116 et
1701 2051 1757 2134 ipsi
1780 2063 1909 2116 mentem
1932 2061 2046 2132 partem

186 2216 191 2228 ,
298 2181 366 2227 essa
382 2163 492 2227 veilent
507 2165 624 2244 penitus
640 2165 671 2225 in
687 2179 815 2243 corpore
829 2161 970 2223 latentem
986 2167 1015 2221 et
1031 2161 1142 2239 primos
1158 2157 1343 2236 „sensiferos
1367 2163 1485 2224 motus“
1502 2164 1640 2245 cientem,
1664 2164 1736 2228 iilud
1759 2163 1955 2227 reiiciendum
1971 2171 2046 2244 erat,

298 2277 378 2338 omni
401 2277 539 2354 corporis
560 2285 644 2354 parte
667 2295 788 2338 sensum
810 2273 896 2337 effici.
944 2271 1108 2353 Utrumque
1136 2280 1227 2353 negat
1248 2270 1406 2336 Lucretius
1430 2291 1457 2332 v.
1482 2269 1664 2340 soa-art.
1709 2275 1747 2340 Et
1776 2275 1903 2357 primum
1927 2273 2045 2355 quidam

295 2405 420 2451 sensum
441 2387 471 2448 in
495 2387 560 2465 ipso
582 2387 670 2449 etiam
694 2403 821 2465 corpore
843 2387 943 2448 inesse
964 2381 1128 2447 confirmat.
1151 2401 1181 2443 v.
1198 2379 1358 2444 359-Ὶο,
1382 2382 1495 2446 Deinde
1517 2402 1592 2447 uero
1614 2385 1755 2465 ostendit,
1778 2385 1835 2448 nisi
1858 2388 1973 2448 animae
1995 2403 2048 2448 se-

298 2499 375 2559 mina
398 2505 466 2559 ante
489 2515 636 2560 concussa
658 2498 728 2574 sint,
751 2499 780 2558 in
804 2513 934 2575 corpore
956 2511 1076 2558 sensum
1099 2491 1247 2555 exsistere
1270 2509 1330 2554 non
1353 2509 1452 2572 posse.
1497 2513 1526 2554 v.
1550 2490 1718 2564 370-96:

684 2623 877 2703 usqueadeo
902 2622 983 2704 prius
1006 2629 1052 2683 est
1074 2621 1103 2684 in
1127 2619 1213 2682 nobis
1227 2581 1326 2682 ‘multa
1349 2619 1487 2683 ciendum

687 2737 799 2798 semina
821 2733 1000 2814 corporibus
1024 2732 1136 2795 nostris
1158 2731 1280 2794 inmixta
1302 2749 1355 2812 par
1379 2740 1472 2812 artus,

632 2881 636 2886 -
686 2866 772 2929 quam
797 2843 956 2926 primordia
980 2843 1143 2907 sentiscant
1165 2861 1310 2905 concussa
1333 2843 1448 2904 animai.

301 2974 414 3046 Quibus
439 2975 576 3038 versibus
599 2976 659 3036 rirn
681 2973 819 3037 mobilem
842 2973 919 3034 illam
943 2983 972 3036 et
995 2974 1112 3054 penitus
1135 2973 1165 3034 in
1188 2972 1274 3034 nobis
1301 2972 1441 3035 latentem
1464 2981 1553 3054 atque
1576 2971 1776 3036 dominantem
1798 2971 1962 3054 significari
1982 2992 2048 3034 ma-

300 3084 439 3148 nttestnm
461 3094 516 3150 cst.
541 3087 634 3162 Quam
658 3088 716 3148 vim
731 3086 889 3148 Lucretius
912 3086 968 3148 iam
993 3087 1081 3150 tortio
1104 3092 1293 3166 argumento,
1316 3099 1375 3164 quo
1398 3082 1628 3163 disputationem
1650 3081 1724 3162 finit,
1747 3083 1880 3162 apertius
1902 3081 2051 3156 declarat;

299 3194 448 3276 simulque
470 3198 559 3260 trium
592 3197 708 3260 illarum
733 3197 858 3278 partium
882 3198 1019 3277 corporis
1042 3196 1157 3276 animae
1187 3193 1292 3258 mentis
1324 3192 1420 3274 qualis
1443 3194 1482 3256 sit
1512 3191 1644 3254 foederis
1666 3192 1742 3254 ratio
1765 3193 1876 3278 insigni
1898 3192 1948 3256 iilo
1972 3191 2052 3256 ocuii

303 3307 442 3388 exemplo
466 3304 604 3372 illustrat.
651 3329 678 3371 r.
703 3306 935 3390 atto-417³).

435 3419 534 3482 Primo
549 3427 647 3482 autem
662 3420 730 3504 loco
746 3423 855 3484 refutat
871 3420 1047 3484 sententiam
1062 3418 1209 3483 Stratonis
1216 3416 1409 3500 Lampsaceni
1424 3416 1488 3478 sire
1502 3413 1711 3491 Aenesidemi3
1728 3414 1822 3478 altero
1837 3411 2054 3500 Democritii).

302 3527 383 3591 Sext.
405 3529 489 3610 Emp.
514 3530 582 3594 adV.
605 3531 695 3594 Eath.
718 3529 771 3594 Vll
795 3531 875 3594 349:
922 3525 950 3592 οἱ
977 3525 1009 3589 δὲ
1033 3517 1123 3607 (εἶναι
1146 3525 1250 3608 abeyov
1272 3527 1328 3608 τῆν
1352 3525 1500 3602 διάνοιαν)
1531 3523 1564 3586 ἐν
1594 3519 1655 3610 ὅλῳ
1678 3522 1720 3610 τῷ
1743 3521 1882 3604 σώματι,
1910 3522 2053 3610 καθάπερ

301 3635 382 3710 τινὲς
412 3641 491 3700 κατὰ
515 3639 728 3724 Δημόκριτον,
759 3637 788 3704 οὶ
818 3639 850 3702 δὲ
881 3639 914 3702 ἐν
934 3637 1021 3720 μέρει
1046 3637 1100 3698 τοῦ
1131 3636 1290 3716 σώματος,
1324 3625 1366 3696 ὧν
1396 3633 1491 3697 πάλιν
1519 3633 1721 3713 πολυσχιδεῖς
1751 3631 1830 3696 εἰσίν
1862 3631 1897 3696 αἱ
1924 3637 2054 3718 γνῶμαι.

303 3745 371 3808 Καὶ
404 3746 432 3810 οὶ
462 3747 520 3826 μὲν
554 3749 718 3834 διαφέρειν
747 3747 845 3834 αὐτήν
874 3752 937 3814 τῶν
965 3746 1165 3832 αἰσθήσεων,
1203 3743 1244 3822 ὥς
1278 3743 1307 3810 οἱ
1342 3747 1486 3824 πλείους,
1525 3741 1555 3808 οἱ
1593 3743 1625 3807 δὲ
1660 3741 1757 3828 αὐτὴν
1787 3737 1866 3810 εἶναι
1895 3749 1951 3822 τὰς
1980 3747 2054 3809 αἰσ-

302 3854 422 3936 θήσεις,
458 3857 597 3942 καθάπερ
629 3861 680 3922 διά
708 3886 799 3926 τινων
830 3855 917 3924 ὀὶιῶν
946 3861 1007 3924 τῶν
1037 3857 1255 3941 αἰσθητηρίων
1283 3855 1534 3940 προκύπτουσαν,
1565 3847 1602 3939 ἧς
1632 3855 1771 3932 στάσεως
1801 3845 1873 3942 ἦρξε
1902 3857 2055 3944 Στράτων

300 3991 331 4027 τε
363 3963 378 4028 d
413 3969 547 4048 φυσικός
584 3970 893 4068 καίιΛίνησιΆημος.
949 3973 1095 4036 Stratonis
1133 3980 1163 4033 et
1198 3970 1389 4034 Aenesidemi
1425 3969 1603 4033 sententiam
1639 3969 1798 4034 Lucretius
1833 3969 1879 4037 his
1916 3970 2054 4033 versibus

301 4079 421 4142 irridet:

418 4387 439 4451 ¹)
457 4389 556 4440 Lucret.
570 4389 614 4442 111
630 4389 687 4444 356
703 4409 740 4458 sq.
761 4393 833 4458 Quae
853 4397 976 4446 sententia
992 4397 1025 4446 ad
1041 4395 1197 4445 subtiliorem
1211 4393 1243 4442 de
1253 4405 1335 4440 rerum
1347 4391 1518 4440 accidentibus
1529 4389 1704 4454 quaestionem
1721 4397 1827 4456 spectet,
1843 4405 1918 4455 quam
1929 4389 2055 4454 Epicurus

417 4479 449 4528 ad
462 4481 656 4546 disputationem
667 4485 697 4532 de
708 4486 798 4534 atomis
810 4493 835 4533 et
846 4487 877 4534 de
886 4497 977 4536 natura
986 4488 1062 4536 animi
1073 4485 1219 4550 applicant.
1239 4481 1317 4545 Dtog.
1328 4480 1358 4530 L.
1372 4479 1399 4529 X
1409 4473 1454 4532 40.
1465 4474 1511 4530 64.
1524 4475 1569 4529 67.
1583 4476 1629 4530 68.
1650 4478 1785 4528 Lucretius
1794 4481 1944 4543 magistrum
1955 4489 2054 4530 secutus

416 4571 521 4620 eandem
541 4585 595 4620 rem
614 4571 715 4620 brevius
735 4573 850 4620 tractarit
871 4573 896 4622 in
915 4574 980 4624 libro
997 4568 1169 4636 Ista-83,
1188 4573 1291 4623 uberius
1310 4569 1364 4619 iul.
1376 4569 1404 4619 11
1416 4565 1597 4620 too-1023.
1609 4593 1644 4602 -
1659 4563 1683 4632 ²)
1703 4567 1792 4634 Neque
1812 4577 1890 4633 negat
1909 4569 1973 4618 ittud
1990 4568 2055 4620 Ges-

420 4660 512 4710 sandus
533 4660 601 4724 Opp.
622 4667 682 4708 tom.
703 4657 732 4708 11
753 4657 821 4709 626:
862 4663 981 4721 ,Etenim
1000 4661 1150 4727 (Epicurus)
1169 4664 1228 4714 licet
1247 4663 1356 4726 quodam
1384 4675 1461 4712 sensu
1485 4662 1605 4711 accedere
1627 4662 1660 4712 ad
1687 4675 1746 4722 eos,
1773 4661 1816 4725 qui
1835 4663 1948 4712 animum
1968 4663 2055 4714 dicunt

414 4746 586 4812 harmoniam,
611 4749 738 4810 videatur;
764 4749 862 4798 ridetur
890 4757 974 4800 tamen
999 4753 1109 4802 animam
1137 4753 1257 4804 habuisse
1283 4753 1368 4816 potius
1394 4751 1466 4815 quasi
1493 4747 1687 4806 substantiam.“
1713 4773 1749 4786 -·-
1777 4745 1802 4814 ἴ)
1829 4749 2010 4802 Lachmeunue
2030 4760 2056 4801 et

413 4833 577 4899 Berecyntos,
598 4853 654 4888 eum
669 4853 718 4888 non
738 4837 898 4901 inuenissent,
917 4856 968 4905 quo
981 4842 1081 4896 vinculo
1094 4841 1141 4892 illa
1152 4853 1299 4906 argumenta
1320 4846 1384 4894 inser
1398 4859 1424 4893 ee
1438 4845 1610 4907 cohaererent,
1631 4855 1719 4894 versus
1733 4841 1867 4897 &bb-96
1882 4843 1977 4893 abhoc
1997 4844 2055 4894 loco

417 4923 514 4975 alienos
534 4925 684 4979 indicarunt.
709 4955 746 4966 -
771 4924 796 4991 ⁴)
823 4927 976 4982 Aristotelea
996 4931 1027 4980 de
1053 4931 1129 4980 anim.
1150 4933 1165 4982 1
1186 4929 1211 4996 5,
1234 4935 1247 4982 i
1268 4935 1298 4984 de
1318 4935 1466 4985 Democrito
1492 4935 1569 4985 dicit:
1609 4933 1689 5003 εἴπερ
1717 4929 1771 5004 γάρ
1798 4932 1872 4986 ἐστιν
1896 4931 1912 4995 p'
1935 4935 2004 4998 pald
2025 4933 2055 4982 {a

415 5014 495 5062 namt
516 5015 552 5080 ito*
573 5017 768 5085 αἰσθανομένῳ
789 5017 903 5087 σώματι.
945 5019 987 5072 ct.
1008 5020 1134 5072 Mullech.
1156 5021 1294 5072 Democriti
1315 5023 1407 5087 tregru.
1428 5039 1454 5090 p.
1475 5021 1541 5075 39⁷.
