<?xml version="1.0" encoding="UTF-8"?>
<!DOCTYPE html PUBLIC "-//W3C//DTD XHTML 1.0 Transitional//EN"
    "http://www.w3.org/TR/xhtml1/DTD/xhtml1-transitional.dtd">
<html xmlns="http://www.w3.org/1999/xhtml" xml:lang="en" lang="en">
 <head>
  <title>
</title>
<meta http-equiv="Content-Type" content="text/html;charset=utf-8" />
  <meta name='ocr-system' content='tesseract 3.04.00' />
  <meta name='ocr-capabilities' content='ocr_page ocr_carea ocr_par ocr_line ocrx_word'/>
</head>
<body>
  <div class='ocr_page' id='page_1' title='image "./epicurideanimor00reisgoog_0016.png"; bbox 0 0 4780 5634; ppageno 0'>
   <div class='ocr_carea' id='block_1_1' title="bbox 1064 477 1279 544">
    <p class='ocr_par' dir='ltr' id='par_1_1' title="bbox 1064 477 1279 544">
     <span class='ocr_line' id='line_1_1' title="bbox 1064 477 1279 544; baseline -0.009 -14"><span class='ocrx_word' id='word_1_1' title='bbox 1064 477 1279 544; x_wconf 58' lang='lat' dir='ltr'><em>...w-</em></span> 
     </span>
    </p>
   </div>
   <div class='ocr_carea' id='block_1_2' title="bbox 283 677 2047 4536">
    <p class='ocr_par' dir='ltr' id='par_1_2' title="bbox 283 677 2047 1768">
     <span class='ocr_line' id='line_1_2' title="bbox 295 677 2042 764; baseline -0.001 -17"><span class='ocrx_word' id='word_1_2' title='bbox 295 681 453 764; x_wconf 84' lang='lat' dir='ltr'><strong>portieuier</strong></span> <span class='ocrx_word' id='word_1_3' title='bbox 475 698 493 743; x_wconf 86' lang='grc' dir='ltr'><strong><em>ο</em></strong></span> <span class='ocrx_word' id='word_1_4' title='bbox 515 681 606 744; x_wconf 85' lang='lat' dir='ltr'><strong>rebus</strong></span> <span class='ocrx_word' id='word_1_5' title='bbox 626 680 748 744; x_wconf 87' lang='lat' dir='ltr'><strong>secerni</strong></span> <span class='ocrx_word' id='word_1_6' title='bbox 763 681 858 762; x_wconf 77' lang='lat' dir='ltr'><strong>inque</strong></span> <span class='ocrx_word' id='word_1_7' title='bbox 880 679 962 762; x_wconf 89' lang='lat' dir='ltr'><strong>ipsos</strong></span> <span class='ocrx_word' id='word_1_8' title='bbox 982 695 1090 744; x_wconf 85' lang='lat' dir='ltr'><strong>sensus</strong></span> <span class='ocrx_word' id='word_1_9' title='bbox 1114 688 1236 745; x_wconf 86' lang='lat' dir='ltr'><strong>nestros</strong></span> <span class='ocrx_word' id='word_1_10' title='bbox 1255 677 1443 760; x_wconf 83' lang='lat' dir='ltr'><strong>animumque</strong></span> <span class='ocrx_word' id='word_1_11' title='bbox 1467 693 1536 744; x_wconf 87' lang='lat' dir='ltr'><strong>sese</strong></span> <span class='ocrx_word' id='word_1_12' title='bbox 1565 679 1717 762; x_wconf 82' lang='lat' dir='ltr'><strong>insinuare</strong></span> <span class='ocrx_word' id='word_1_13' title='bbox 1742 678 1970 750; x_wconf 77' lang='lat' dir='ltr'><strong>domonstraret</strong></span> <span class='ocrx_word' id='word_1_14' title='bbox 2011 682 2042 746; x_wconf 90' lang='lat' dir='ltr'><strong>iu</strong></span> 
     </span>
     <span class='ocr_line' id='line_1_3' title="bbox 294 788 2046 876; baseline -0.001 -18"><span class='ocrx_word' id='word_1_15' title='bbox 294 796 388 860; x_wconf 86' lang='lat' dir='ltr'><strong>attera</strong></span> <span class='ocrx_word' id='word_1_16' title='bbox 413 793 588 874; x_wconf 72' lang='lat' dir='ltr'>quaestione</span> <span class='ocrx_word' id='word_1_17' title='bbox 610 792 758 874; x_wconf 77' lang='lat' dir='ltr'><strong>Epicurus</strong></span> <span class='ocrx_word' id='word_1_18' title='bbox 784 789 908 854; x_wconf 85' lang='lat' dir='ltr'><strong>eundern</strong></span> <span class='ocrx_word' id='word_1_19' title='bbox 935 799 1026 872; x_wconf 86' lang='lat' dir='ltr'><strong>atque</strong></span> <span class='ocrx_word' id='word_1_20' title='bbox 1049 790 1188 872; x_wconf 78' lang='lat' dir='ltr'><strong>aequales</strong></span> <span class='ocrx_word' id='word_1_21' title='bbox 1216 788 1384 870; x_wconf 77' lang='lat' dir='ltr'>philosophi</span> <span class='ocrx_word' id='word_1_22' title='bbox 1405 790 1482 852; x_wconf 73' lang='lat' dir='ltr'><strong>rura</strong></span> <span class='ocrx_word' id='word_1_23' title='bbox 1510 790 1666 873; x_wconf 76' lang='lat' dir='ltr'><strong>inpressos</strong></span> <span class='ocrx_word' id='word_1_24' title='bbox 1692 790 1722 852; x_wconf 90' lang='lat' dir='ltr'><strong>id</strong></span> <span class='ocrx_word' id='word_1_25' title='bbox 1750 791 1878 854; x_wconf 81' lang='lat' dir='ltr'><strong>maxime</strong></span> <span class='ocrx_word' id='word_1_26' title='bbox 1903 791 1984 876; x_wconf 72' lang='lat' dir='ltr'><strong>egit,</strong></span> <span class='ocrx_word' id='word_1_27' title='bbox 2013 803 2046 856; x_wconf 92' lang='lat' dir='ltr'><strong>ut</strong></span> 
     </span>
     <span class='ocr_line' id='line_1_4' title="bbox 294 899 2047 986; baseline -0.002 -16"><span class='ocrx_word' id='word_1_28' title='bbox 294 915 427 970; x_wconf 67' lang='lat' dir='ltr'><strong>menum</strong></span> <span class='ocrx_word' id='word_1_29' title='bbox 449 905 573 966; x_wconf 86' lang='lat' dir='ltr'><strong>enimam</strong></span> <span class='ocrx_word' id='word_1_30' title='bbox 594 919 766 986; x_wconf 77' lang='lat' dir='ltr'><strong>corpusque</strong></span> <span class='ocrx_word' id='word_1_31' title='bbox 791 902 892 965; x_wconf 88' lang='lat' dir='ltr'><strong>intime</strong></span> <span class='ocrx_word' id='word_1_32' title='bbox 913 903 1058 966; x_wconf 88' lang='lat' dir='ltr'><strong>societate</strong></span> <span class='ocrx_word' id='word_1_33' title='bbox 1071 909 1114 966; x_wconf 72' lang='lat' dir='ltr'><strong>,ot</strong></span> <span class='ocrx_word' id='word_1_34' title='bbox 1138 899 1362 964; x_wconf 73' lang='lat' dir='ltr'><strong>necessitudine</strong></span> <span class='ocrx_word' id='word_1_35' title='bbox 1381 900 1537 982; x_wconf 84' lang='lat' dir='ltr'><strong>cupeturet</strong></span> <span class='ocrx_word' id='word_1_36' title='bbox 1558 902 1650 982; x_wconf 86' lang='lat' dir='ltr'><strong>ioque</strong></span> <span class='ocrx_word' id='word_1_37' title='bbox 1670 919 1758 964; x_wconf 86' lang='lat' dir='ltr'><strong>onam</strong></span> <span class='ocrx_word' id='word_1_38' title='bbox 1779 909 1916 966; x_wconf 86' lang='lat' dir='ltr'><strong>naturam</strong></span> <span class='ocrx_word' id='word_1_39' title='bbox 1939 904 2047 968; x_wconf 86' lang='lat' dir='ltr'><strong>couci-</strong></span> 
     </span>
     <span class='ocr_line' id='line_1_5' title="bbox 295 1009 2045 1096; baseline -0.001 -16"><span class='ocrx_word' id='word_1_40' title='bbox 295 1019 393 1080; x_wconf 87' lang='lat' dir='ltr'><strong>liaret</strong></span> <span class='ocrx_word' id='word_1_41' title='bbox 436 1015 537 1096; x_wconf 79' lang='lat' dir='ltr'><strong>itaque</strong></span> <span class='ocrx_word' id='word_1_42' title='bbox 564 1024 709 1092; x_wconf 84' lang='lat' dir='ltr'><strong>mentem,</strong></span> <span class='ocrx_word' id='word_1_43' title='bbox 742 1029 828 1093; x_wconf 85' lang='lat' dir='ltr'><strong>qoam</strong></span> <span class='ocrx_word' id='word_1_44' title='bbox 854 1013 1035 1078; x_wconf 78' lang='lat' dir='ltr'><strong>Aristoteles</strong></span> <span class='ocrx_word' id='word_1_45' title='bbox 1056 1009 1173 1076; x_wconf 85' lang='lat' dir='ltr'><strong>dixerut</strong></span> <span class='ocrx_word' id='word_1_46' title='bbox 1201 1029 1307 1092; x_wconf 87' lang='lat' dir='ltr'><strong>puram</strong></span> <span class='ocrx_word' id='word_1_47' title='bbox 1334 1019 1425 1094; x_wconf 88' lang='lat' dir='ltr'><strong>atque</strong></span> <span class='ocrx_word' id='word_1_48' title='bbox 1452 1011 1650 1090; x_wconf 76' lang='lat' dir='ltr'><strong>immobilem,</strong></span> <span class='ocrx_word' id='word_1_49' title='bbox 1675 1029 1735 1077; x_wconf 94' lang='lat' dir='ltr'><strong>non</strong></span> <span class='ocrx_word' id='word_1_50' title='bbox 1765 1021 1848 1078; x_wconf 86' lang='lat' dir='ltr'><strong>ratus</strong></span> <span class='ocrx_word' id='word_1_51' title='bbox 1869 1013 1932 1078; x_wconf 88' lang='lat' dir='ltr'><strong>uilo</strong></span> <span class='ocrx_word' id='word_1_52' title='bbox 1954 1017 2045 1080; x_wconf 84' lang='lat' dir='ltr'><strong>modo</strong></span> 
     </span>
     <span class='ocr_line' id='line_1_6' title="bbox 283 1124 2044 1206; baseline 0.003 -22"><span class='ocrx_word' id='word_1_53' title='bbox 283 1145 366 1190; x_wconf 67' lang='lat' dir='ltr'><strong>,curn</strong></span> <span class='ocrx_word' id='word_1_54' title='bbox 383 1125 494 1206; x_wconf 83' lang='lat' dir='ltr'><strong>reliqua</strong></span> <span class='ocrx_word' id='word_1_55' title='bbox 508 1133 613 1189; x_wconf 89' lang='lat' dir='ltr'><strong>natura</strong></span> <span class='ocrx_word' id='word_1_56' title='bbox 628 1141 774 1205; x_wconf 83' lang='lat' dir='ltr'><strong>corpores</strong></span> <span class='ocrx_word' id='word_1_57' title='bbox 788 1139 884 1204; x_wconf 69' lang='lat' dir='ltr'><strong>,posse</strong></span> <span class='ocrx_word' id='word_1_58' title='bbox 899 1124 1060 1206; x_wconf 75' lang='lat' dir='ltr'><strong>coniungi,</strong></span> <span class='ocrx_word' id='word_1_59' title='bbox 1075 1125 1169 1205; x_wconf 87' lang='lat' dir='ltr'><strong>ipsern</strong></span> <span class='ocrx_word' id='word_1_60' title='bbox 1183 1140 1303 1204; x_wconf 79' lang='lat' dir='ltr'><strong>quamue</strong></span> <span class='ocrx_word' id='word_1_61' title='bbox 1323 1125 1426 1188; x_wconf 88' lang='lat' dir='ltr'><strong>statuit</strong></span> <span class='ocrx_word' id='word_1_62' title='bbox 1447 1141 1622 1206; x_wconf 87' lang='lat' dir='ltr'><strong>corpoream</strong></span> <span class='ocrx_word' id='word_1_63' title='bbox 1637 1142 1707 1188; x_wconf 87' lang='lat' dir='ltr'><strong>esse</strong></span> <span class='ocrx_word' id='word_1_64' title='bbox 1728 1134 1848 1206; x_wconf 83' lang='lat' dir='ltr'><strong>temque</strong></span> <span class='ocrx_word' id='word_1_65' title='bbox 1870 1127 2044 1190; x_wconf 84' lang='lat' dir='ltr'><strong>necessario</strong></span> 
     </span>
     <span class='ocr_line' id='line_1_7' title="bbox 299 1233 2044 1319; baseline -0.001 -19"><span class='ocrx_word' id='word_1_66' title='bbox 299 1255 364 1300; x_wconf 90' lang='lat' dir='ltr'><strong>corn</strong></span> <span class='ocrx_word' id='word_1_67' title='bbox 385 1237 481 1298; x_wconf 84' lang='lat' dir='ltr'><strong>enimc</strong></span> <span class='ocrx_word' id='word_1_68' title='bbox 502 1243 532 1299; x_wconf 91' lang='lat' dir='ltr'><strong>et</strong></span> <span class='ocrx_word' id='word_1_69' title='bbox 554 1251 685 1316; x_wconf 89' lang='lat' dir='ltr'><strong>corpore</strong></span> <span class='ocrx_word' id='word_1_70' title='bbox 699 1234 819 1299; x_wconf 87' lang='lat' dir='ltr'><strong>vinonio</strong></span> <span class='ocrx_word' id='word_1_71' title='bbox 841 1249 1020 1312; x_wconf 83' lang='lat' dir='ltr'><strong>connexam,</strong></span> <span class='ocrx_word' id='word_1_72' title='bbox 1043 1243 1076 1298; x_wconf 92' lang='lat' dir='ltr'><strong>ut</strong></span> <span class='ocrx_word' id='word_1_73' title='bbox 1097 1234 1152 1298; x_wconf 88' lang='lat' dir='ltr'><strong>boo</strong></span> <span class='ocrx_word' id='word_1_74' title='bbox 1172 1233 1235 1296; x_wconf 89' lang='lat' dir='ltr'><strong>sola</strong></span> <span class='ocrx_word' id='word_1_75' title='bbox 1255 1234 1286 1296; x_wconf 92' lang='lat' dir='ltr'><strong>in</strong></span> <span class='ocrx_word' id='word_1_76' title='bbox 1305 1233 1518 1300; x_wconf 85' lang='lat' dir='ltr'><strong>coniunctione</strong></span> <span class='ocrx_word' id='word_1_77' title='bbox 1537 1244 1639 1316; x_wconf 86' lang='lat' dir='ltr'><strong>posset</strong></span> <span class='ocrx_word' id='word_1_78' title='bbox 1653 1237 1771 1318; x_wconf 74' lang='lat' dir='ltr'><strong>rigere.</strong></span> <span class='ocrx_word' id='word_1_79' title='bbox 1800 1235 1888 1319; x_wconf 61' lang='grc' dir='ltr'><strong><em>Βίου.</em></strong></span> <span class='ocrx_word' id='word_1_80' title='bbox 1903 1236 1936 1300; x_wconf 89' lang='lat' dir='ltr'><strong>L.</strong></span> <span class='ocrx_word' id='word_1_81' title='bbox 1950 1235 1977 1300; x_wconf 87' lang='lat' dir='ltr'>X</span> <span class='ocrx_word' id='word_1_82' title='bbox 1992 1236 2044 1300; x_wconf 88' lang='lat'><strong>65.</strong></span> 
     </span>
     <span class='ocr_line' id='line_1_8' title="bbox 295 1339 2041 1428; baseline 0.001 -21"><span class='ocrx_word' id='word_1_83' title='bbox 295 1343 366 1408; x_wconf 76' lang='grc' dir='ltr'><strong>Κατ’</strong></span> <span class='ocrx_word' id='word_1_84' title='bbox 391 1346 455 1428; x_wconf 66' lang='grc' dir='ltr'><strong><em>μὴν</em></strong></span> <span class='ocrx_word' id='word_1_85' title='bbox 477 1343 534 1406; x_wconf 81' lang='grc' dir='ltr'><strong><em>καί</em></strong></span> <span class='ocrx_word' id='word_1_86' title='bbox 563 1343 715 1422; x_wconf 75' lang='grc' dir='ltr'><strong><em>λυομένου</em></strong></span> <span class='ocrx_word' id='word_1_87' title='bbox 738 1343 793 1405; x_wconf 82' lang='grc' dir='ltr'><strong>τοῦ</strong></span> <span class='ocrx_word' id='word_1_88' title='bbox 818 1339 893 1406; x_wconf 80' lang='grc' dir='ltr'><strong><em>ὅλον</em></strong></span> <span class='ocrx_word' id='word_1_89' title='bbox 915 1339 1131 1426; x_wconf 72' lang='grc' dir='ltr'><strong><em>ἀθροίσματος</em></strong></span> <span class='ocrx_word' id='word_1_90' title='bbox 1160 1340 1179 1424; x_wconf 78' lang='grc' dir='ltr'><em>ἦ</em></span> <span class='ocrx_word' id='word_1_91' title='bbox 1203 1350 1290 1422; x_wconf 62' lang='grc' dir='ltr'><strong>ψυχὴ</strong></span> <span class='ocrx_word' id='word_1_92' title='bbox 1318 1343 1532 1425; x_wconf 69' lang='grc' dir='ltr'><strong>διασπείρεται</strong></span> <span class='ocrx_word' id='word_1_93' title='bbox 1555 1343 1610 1407; x_wconf 78' lang='grc' dir='ltr'><strong>κατ’</strong></span> <span class='ocrx_word' id='word_1_94' title='bbox 1636 1339 1741 1406; x_wconf 74' lang='grc' dir='ltr'><strong><em>οὐτ’έτι</em></strong></span> <span class='ocrx_word' id='word_1_95' title='bbox 1763 1340 1826 1424; x_wconf 73' lang='grc' dir='ltr'><strong>ἔχει</strong></span> <span class='ocrx_word' id='word_1_96' title='bbox 1856 1345 1912 1420; x_wconf 83' lang='grc' dir='ltr'><strong>τὰς</strong></span> <span class='ocrx_word' id='word_1_97' title='bbox 1943 1343 2041 1420; x_wconf 74' lang='grc' dir='ltr'><strong><em>αὐτὰς</em></strong></span> 
     </span>
     <span class='ocr_line' id='line_1_9' title="bbox 295 1445 2042 1537; baseline 0 -19"><span class='ocrx_word' id='word_1_98' title='bbox 295 1453 439 1534; x_wconf 61' lang='grc' dir='ltr'><strong><em>δυνάστας</em></strong></span> <span class='ocrx_word' id='word_1_99' title='bbox 466 1451 536 1516; x_wconf 77' lang='grc' dir='ltr'><strong>οὐδὲ</strong></span> <span class='ocrx_word' id='word_1_100' title='bbox 557 1462 704 1532; x_wconf 68' lang='grc' dir='ltr'><strong><em>κινεῖται,</em></strong></span> <span class='ocrx_word' id='word_1_101' title='bbox 733 1450 783 1526; x_wconf 67' lang='grc' dir='ltr'><strong>ὅς’</strong></span> <span class='ocrx_word' id='word_1_102' title='bbox 805 1451 871 1516; x_wconf 70' lang='grc' dir='ltr'><strong>οὐδ’</strong></span> <span class='ocrx_word' id='word_1_103' title='bbox 891 1452 1045 1536; x_wconf 73' lang='grc' dir='ltr'><strong><em>αἴσθησιν</em></strong></span> <span class='ocrx_word' id='word_1_104' title='bbox 1066 1451 1223 1534; x_wconf 79' lang='grc' dir='ltr'><strong><em>κέκτηται.</em></strong></span> <span class='ocrx_word' id='word_1_105' title='bbox 1264 1450 1309 1514; x_wconf 83' lang='grc' dir='ltr'><strong>Ου’</strong></span> <span class='ocrx_word' id='word_1_106' title='bbox 1328 1453 1388 1536; x_wconf 76' lang='grc' dir='ltr'><strong>γὰρ</strong></span> <span class='ocrx_word' id='word_1_107' title='bbox 1411 1445 1479 1516; x_wconf 80' lang='grc' dir='ltr'><strong><em>οἶόν</em></strong></span> <span class='ocrx_word' id='word_1_108' title='bbox 1507 1475 1539 1515; x_wconf 81' lang='grc' dir='ltr'><strong>τε</strong></span> <span class='ocrx_word' id='word_1_109' title='bbox 1565 1462 1648 1516; x_wconf 72' lang='grc' dir='ltr'><strong><em>νοεῖν</em></strong></span> <span class='ocrx_word' id='word_1_110' title='bbox 1671 1450 1770 1536; x_wconf 74' lang='grc' dir='ltr'><strong><em>συνῆν</em></strong></span> <span class='ocrx_word' id='word_1_111' title='bbox 1796 1453 2042 1537; x_wconf 72' lang='grc' dir='ltr'><strong><em>αἰσθανομένην,</em></strong></span> 
     </span>
     <span class='ocr_line' id='line_1_10' title="bbox 293 1559 2044 1650; baseline -0.001 -20"><span class='ocrx_word' id='word_1_112' title='bbox 293 1568 338 1650; x_wconf 74' lang='grc' dir='ltr'><strong>μῆ</strong></span> <span class='ocrx_word' id='word_1_113' title='bbox 361 1565 394 1630; x_wconf 77' lang='grc' dir='ltr'><strong><em>ἐν</em></strong></span> <span class='ocrx_word' id='word_1_114' title='bbox 415 1564 514 1650; x_wconf 79' lang='grc' dir='ltr'><strong><em>τούτῳ</em></strong></span> <span class='ocrx_word' id='word_1_115' title='bbox 535 1567 578 1650; x_wconf 75' lang='grc' dir='ltr'><strong>τῷ</strong></span> <span class='ocrx_word' id='word_1_116' title='bbox 599 1563 777 1648; x_wconf 73' lang='grc' dir='ltr'><strong><em>συστήματι</em></strong></span> <span class='ocrx_word' id='word_1_117' title='bbox 798 1562 854 1628; x_wconf 78' lang='grc' dir='ltr'><strong>καὶ</strong></span> <span class='ocrx_word' id='word_1_118' title='bbox 876 1571 946 1638; x_wconf 79' lang='grc' dir='ltr'><strong><em>ταῖς</em></strong></span> <span class='ocrx_word' id='word_1_119' title='bbox 968 1561 1107 1646; x_wconf 73' lang='grc' dir='ltr'><strong><em>κινήσεσι</em></strong></span> <span class='ocrx_word' id='word_1_120' title='bbox 1133 1561 1263 1637; x_wconf 81' lang='grc' dir='ltr'><strong><em>ταύταις</em></strong></span> <span class='ocrx_word' id='word_1_121' title='bbox 1281 1561 1467 1646; x_wconf 74' lang='grc' dir='ltr'><strong><em>χρωμένην,</em></strong></span> <span class='ocrx_word' id='word_1_122' title='bbox 1495 1559 1571 1626; x_wconf 85' lang='grc' dir='ltr'><strong><em>ὅταν</em></strong></span> <span class='ocrx_word' id='word_1_123' title='bbox 1591 1564 1630 1626; x_wconf 82' lang='grc' dir='ltr'><strong>τοὶ</strong></span> <span class='ocrx_word' id='word_1_124' title='bbox 1652 1562 1836 1646; x_wconf 66' lang='grc' dir='ltr'><strong><em>στεγάζοντα</em></strong></span> <span class='ocrx_word' id='word_1_125' title='bbox 1858 1563 1914 1628; x_wconf 75' lang='grc' dir='ltr'><strong>κατ’</strong></span> <span class='ocrx_word' id='word_1_126' title='bbox 1935 1565 2044 1648; x_wconf 79' lang='grc' dir='ltr'><strong><em>περιέ-</em></strong></span> 
     </span>
     <span class='ocr_line' id='line_1_11' title="bbox 292 1665 1494 1768; baseline -0.004 -28"><span class='ocrx_word' id='word_1_127' title='bbox 292 1699 389 1759; x_wconf 79' lang='grc' dir='ltr'><strong><em>χοντα</em></strong></span> <span class='ocrx_word' id='word_1_128' title='bbox 409 1677 607 1768; x_wconf 36' lang='grc' dir='ltr'><strong><em>μὴιτοιαῦτα</em></strong></span> <span class='ocrx_word' id='word_1_129' title='bbox 628 1666 648 1761; x_wconf 78' lang='grc' dir='ltr'><em>ᾗ</em></span> <span class='ocrx_word' id='word_1_130' title='bbox 670 1671 723 1738; x_wconf 85' lang='grc' dir='ltr'><strong>οἶα</strong></span> <span class='ocrx_word' id='word_1_131' title='bbox 746 1675 780 1738; x_wconf 74' lang='grc' dir='ltr'><strong><em>ἐν</em></strong></span> <span class='ocrx_word' id='word_1_132' title='bbox 799 1667 846 1750; x_wconf 85' lang='grc' dir='ltr'><strong>οἷς</strong></span> <span class='ocrx_word' id='word_1_133' title='bbox 866 1675 920 1738; x_wconf 77' lang='grc' dir='ltr'><strong>νῦν</strong></span> <span class='ocrx_word' id='word_1_134' title='bbox 941 1665 1022 1738; x_wconf 77' lang='grc' dir='ltr'><strong><em>οὖσα</em></strong></span> <span class='ocrx_word' id='word_1_135' title='bbox 1045 1671 1107 1754; x_wconf 72' lang='grc' dir='ltr'><strong>ἔχει</strong></span> <span class='ocrx_word' id='word_1_136' title='bbox 1129 1672 1246 1748; x_wconf 80' lang='grc' dir='ltr'><strong><em>ταύτας</em></strong></span> <span class='ocrx_word' id='word_1_137' title='bbox 1268 1673 1325 1746; x_wconf 76' lang='grc' dir='ltr'><strong>τὰς</strong></span> <span class='ocrx_word' id='word_1_138' title='bbox 1349 1671 1494 1755; x_wconf 68' lang='grc' dir='ltr'><strong><em>κινήσεις.</em></strong></span> 
     </span>
    </p>

    <p class='ocr_par' dir='ltr' id='par_1_3' title="bbox 291 1784 2044 3760">
     <span class='ocr_line' id='line_1_12' title="bbox 425 1784 2042 1886; baseline 0 -34"><span class='ocrx_word' id='word_1_139' title='bbox 425 1789 491 1886; x_wconf 68' lang='lat' dir='ltr'><strong>dopo</strong></span> <span class='ocrx_word' id='word_1_140' title='bbox 508 1789 709 1871; x_wconf 83' lang='lat' dir='ltr'><strong>indagandum</strong></span> <span class='ocrx_word' id='word_1_141' title='bbox 730 1789 799 1864; x_wconf 82' lang='lat' dir='ltr'><strong>erit,</strong></span> <span class='ocrx_word' id='word_1_142' title='bbox 820 1805 877 1869; x_wconf 82' lang='lat' dir='ltr'><strong>qua</strong></span> <span class='ocrx_word' id='word_1_143' title='bbox 899 1789 947 1850; x_wconf 83' lang='lat' dir='ltr'><strong>vie</strong></span> <span class='ocrx_word' id='word_1_144' title='bbox 965 1787 1113 1868; x_wconf 81' lang='lat' dir='ltr'><strong>Epicurus</strong></span> <span class='ocrx_word' id='word_1_145' title='bbox 1135 1786 1165 1848; x_wconf 89' lang='lat' dir='ltr'><strong>in</strong></span> <span class='ocrx_word' id='word_1_146' title='bbox 1185 1784 1312 1868; x_wconf 79' lang='lat' dir='ltr'><strong>singuiis</strong></span> <span class='ocrx_word' id='word_1_147' title='bbox 1332 1785 1446 1866; x_wconf 85' lang='lat' dir='ltr'><strong>placitis</strong></span> <span class='ocrx_word' id='word_1_148' title='bbox 1468 1786 1659 1868; x_wconf 84' lang='lat' dir='ltr'><strong>explicandis·</strong></span> <span class='ocrx_word' id='word_1_149' title='bbox 1671 1789 1864 1868; x_wconf 85' lang='lat' dir='ltr'><strong>processerit.</strong></span> <span class='ocrx_word' id='word_1_150' title='bbox 1896 1787 2042 1880; x_wconf 76' lang='lat' dir='ltr'><strong>Quoniam</strong></span> 
     </span>
     <span class='ocr_line' id='line_1_13' title="bbox 297 1894 2043 1982; baseline 0.001 -20"><span class='ocrx_word' id='word_1_151' title='bbox 297 1918 363 1963; x_wconf 87' lang='lat' dir='ltr'><strong>curo</strong></span> <span class='ocrx_word' id='word_1_152' title='bbox 383 1900 600 1980; x_wconf 74' lang='lat' dir='ltr'><strong>Peripateticis,</strong></span> <span class='ocrx_word' id='word_1_153' title='bbox 621 1917 697 1982; x_wconf 79' lang='lat' dir='ltr'><strong>quos</strong></span> <span class='ocrx_word' id='word_1_154' title='bbox 719 1897 808 1962; x_wconf 90' lang='lat' dir='ltr'><strong>ruodo</strong></span> <span class='ocrx_word' id='word_1_155' title='bbox 831 1895 904 1977; x_wconf 84' lang='lat' dir='ltr'><strong>dini,</strong></span> <span class='ocrx_word' id='word_1_156' title='bbox 926 1898 956 1962; x_wconf 93' lang='lat' dir='ltr'><strong>td</strong></span> <span class='ocrx_word' id='word_1_157' title='bbox 979 1898 1106 1960; x_wconf 86' lang='lat' dir='ltr'><strong>maximo</strong></span> <span class='ocrx_word' id='word_1_158' title='bbox 1125 1895 1228 1959; x_wconf 89' lang='lat' dir='ltr'><strong>babuit</strong></span> <span class='ocrx_word' id='word_1_159' title='bbox 1248 1913 1416 1974; x_wconf 88' lang='lat' dir='ltr'><strong>commune,</strong></span> <span class='ocrx_word' id='word_1_160' title='bbox 1437 1894 1517 1976; x_wconf 81' lang='lat' dir='ltr'><strong>quod</strong></span> <span class='ocrx_word' id='word_1_161' title='bbox 1538 1899 1719 1962; x_wconf 88' lang='lat' dir='ltr'><strong>ortissimum</strong></span> <span class='ocrx_word' id='word_1_162' title='bbox 1741 1899 1830 1963; x_wconf 87' lang='lat' dir='ltr'><strong>enimi</strong></span> <span class='ocrx_word' id='word_1_163' title='bbox 1853 1907 1884 1964; x_wconf 92' lang='lat' dir='ltr'><strong>et</strong></span> <span class='ocrx_word' id='word_1_164' title='bbox 1905 1901 2043 1980; x_wconf 90' lang='lat' dir='ltr'><strong>corporis</strong></span> 
     </span>
     <span class='ocr_line' id='line_1_14' title="bbox 295 2007 2044 2090; baseline 0.001 -16"><span class='ocrx_word' id='word_1_165' title='bbox 295 2029 406 2076; x_wconf 81' lang='lat' dir='ltr'><strong>nexum</strong></span> <span class='ocrx_word' id='word_1_166' title='bbox 427 2012 591 2089; x_wconf 88' lang='lat' dir='ltr'><strong>constituit,</strong></span> <span class='ocrx_word' id='word_1_167' title='bbox 613 2021 681 2074; x_wconf 88' lang='lat' dir='ltr'><strong>onte</strong></span> <span class='ocrx_word' id='word_1_168' title='bbox 702 2010 802 2074; x_wconf 87' lang='lat' dir='ltr'><strong>omnia</strong></span> <span class='ocrx_word' id='word_1_169' title='bbox 823 2011 882 2074; x_wconf 91' lang='lat' dir='ltr'><strong>erit</strong></span> <span class='ocrx_word' id='word_1_170' title='bbox 902 2007 1118 2089; x_wconf 78' lang='lat' dir='ltr'><strong>quaerendum,</strong></span> <span class='ocrx_word' id='word_1_171' title='bbox 1146 2007 1217 2089; x_wconf 85' lang='lat' dir='ltr'><strong>quid</strong></span> <span class='ocrx_word' id='word_1_172' title='bbox 1245 2009 1309 2088; x_wconf 89' lang='lat' dir='ltr'><strong>ipsc</strong></span> <span class='ocrx_word' id='word_1_173' title='bbox 1331 2008 1401 2072; x_wconf 86' lang='lat' dir='ltr'><strong>novi</strong></span> <span class='ocrx_word' id='word_1_174' title='bbox 1422 2026 1457 2070; x_wconf 87' lang='lat' dir='ltr'><strong>ae</strong></span> <span class='ocrx_word' id='word_1_175' title='bbox 1479 2009 1592 2072; x_wconf 82' lang='lat' dir='ltr'><strong>diversi</strong></span> <span class='ocrx_word' id='word_1_176' title='bbox 1616 2008 1785 2090; x_wconf 81' lang='lat' dir='ltr'><strong>protulerit.</strong></span> <span class='ocrx_word' id='word_1_177' title='bbox 1829 2009 1895 2074; x_wconf 80' lang='lat' dir='ltr'><strong>doru</strong></span> <span class='ocrx_word' id='word_1_178' title='bbox 1919 2011 1946 2074; x_wconf 89' lang='lat' dir='ltr'><strong>si</strong></span> <span class='ocrx_word' id='word_1_179' title='bbox 1968 2029 2044 2074; x_wconf 85' lang='lat' dir='ltr'><strong>sen-</strong></span> 
     </span>
     <span class='ocr_line' id='line_1_15' title="bbox 295 2093 2043 2205; baseline -0.002 -17"><span class='ocrx_word' id='word_1_180' title='bbox 295 2124 402 2188; x_wconf 88' lang='lat' dir='ltr'><strong>tentias</strong></span> <span class='ocrx_word' id='word_1_181' title='bbox 424 2121 461 2184; x_wconf 91' lang='lat' dir='ltr'><strong>eb</strong></span> <span class='ocrx_word' id='word_1_182' title='bbox 482 2124 548 2204; x_wconf 90' lang='lat' dir='ltr'><strong>ipso</strong></span> <span class='ocrx_word' id='word_1_183' title='bbox 569 2093 700 2203; x_wconf 72' lang='lat' dir='ltr'><strong>Epicuro</strong></span> <span class='ocrx_word' id='word_1_184' title='bbox 721 2122 752 2184; x_wconf 92' lang='lat' dir='ltr'><strong>in</strong></span> <span class='ocrx_word' id='word_1_185' title='bbox 774 2120 908 2202; x_wconf 88' lang='lat' dir='ltr'><strong>epistolis</strong></span> <span class='ocrx_word' id='word_1_186' title='bbox 930 2121 1065 2184; x_wconf 86' lang='lat' dir='ltr'><strong>breviter</strong></span> <span class='ocrx_word' id='word_1_187' title='bbox 1086 2118 1273 2184; x_wconf 80' lang='lat' dir='ltr'><strong>adumbratas</strong></span> <span class='ocrx_word' id='word_1_188' title='bbox 1295 2120 1372 2200; x_wconf 87' lang='lat' dir='ltr'><strong>apud</strong></span> <span class='ocrx_word' id='word_1_189' title='bbox 1387 2119 1553 2204; x_wconf 73' lang='lat' dir='ltr'><strong>Diogenem</strong></span> <span class='ocrx_word' id='word_1_190' title='bbox 1574 2121 1725 2186; x_wconf 83' lang='lat' dir='ltr'><strong>Leertiour</strong></span> <span class='ocrx_word' id='word_1_191' title='bbox 1746 2120 2043 2205; x_wconf 60' lang='lat' dir='ltr'><strong>ossismorum),</strong></span> 
     </span>
     <span class='ocr_line' id='line_1_16' title="bbox 294 2231 2037 2314; baseline 0 -18"><span class='ocrx_word' id='word_1_192' title='bbox 294 2233 380 2298; x_wconf 87' lang='lat' dir='ltr'><strong>ieoilc</strong></span> <span class='ocrx_word' id='word_1_193' title='bbox 401 2236 536 2314; x_wconf 90' lang='lat' dir='ltr'><strong>reperias</strong></span> <span class='ocrx_word' id='word_1_194' title='bbox 557 2251 625 2296; x_wconf 91' lang='lat' dir='ltr'><strong>eurn</strong></span> <span class='ocrx_word' id='word_1_195' title='bbox 646 2233 788 2298; x_wconf 89' lang='lat' dir='ltr'><strong>assentiri</strong></span> <span class='ocrx_word' id='word_1_196' title='bbox 808 2233 1013 2312; x_wconf 79' lang='lat' dir='ltr'><strong>Peripateticis</strong></span> <span class='ocrx_word' id='word_1_197' title='bbox 1041 2249 1101 2296; x_wconf 93' lang='lat' dir='ltr'><strong>non</strong></span> <span class='ocrx_word' id='word_1_198' title='bbox 1119 2231 1269 2314; x_wconf 91' lang='lat' dir='ltr'><strong>potuisse;</strong></span> <span class='ocrx_word' id='word_1_199' title='bbox 1298 2231 1344 2293; x_wconf 92' lang='lat' dir='ltr'><strong>sin</strong></span> <span class='ocrx_word' id='word_1_200' title='bbox 1369 2231 1577 2296; x_wconf 81' lang='lat' dir='ltr'><strong>Lucretianum</strong></span> <span class='ocrx_word' id='word_1_201' title='bbox 1600 2232 1830 2313; x_wconf 87' lang='lat' dir='ltr'><strong>disputationem</strong></span> <span class='ocrx_word' id='word_1_202' title='bbox 1850 2231 2037 2314; x_wconf 86' lang='lat' dir='ltr'><strong>aliorumque</strong></span> 
     </span>
     <span class='ocr_line' id='line_1_17' title="bbox 293 2341 2037 2428; baseline -0.001 -20"><span class='ocrx_word' id='word_1_203' title='bbox 293 2354 450 2410; x_wconf 79' lang='lat' dir='ltr'><strong>suetorum</strong></span> <span class='ocrx_word' id='word_1_204' title='bbox 478 2343 647 2406; x_wconf 85' lang='lat' dir='ltr'><strong>testimonia</strong></span> <span class='ocrx_word' id='word_1_205' title='bbox 668 2343 849 2422; x_wconf 87' lang='lat' dir='ltr'><strong>udbiboeris,</strong></span> <span class='ocrx_word' id='word_1_206' title='bbox 877 2343 1041 2424; x_wconf 85' lang='lat' dir='ltr'><strong>Epicurum</strong></span> <span class='ocrx_word' id='word_1_207' title='bbox 1068 2344 1134 2408; x_wconf 85' lang='lat' dir='ltr'><strong>siue</strong></span> <span class='ocrx_word' id='word_1_208' title='bbox 1155 2341 1315 2424; x_wconf 87' lang='lat' dir='ltr'><strong>discipulos</strong></span> <span class='ocrx_word' id='word_1_209' title='bbox 1336 2341 1448 2424; x_wconf 86' lang='lat' dir='ltr'><strong>patebit</strong></span> <span class='ocrx_word' id='word_1_210' title='bbox 1467 2343 1578 2407; x_wconf 88' lang='lat' dir='ltr'><strong>acriter</strong></span> <span class='ocrx_word' id='word_1_211' title='bbox 1596 2344 1670 2408; x_wconf 89' lang='lat' dir='ltr'><strong>istos</strong></span> <span class='ocrx_word' id='word_1_212' title='bbox 1696 2344 1898 2428; x_wconf 67' lang='lat' dir='ltr'><strong>impugnasse.</strong></span> <span class='ocrx_word' id='word_1_213' title='bbox 1934 2343 2037 2420; x_wconf 80' lang='lat' dir='ltr'><strong>ousiis</strong></span> 
     </span>
     <span class='ocr_line' id='line_1_18' title="bbox 293 2452 2038 2538; baseline -0.001 -18"><span class='ocrx_word' id='word_1_214' title='bbox 293 2456 369 2520; x_wconf 83' lang='lat' dir='ltr'><strong>brec</strong></span> <span class='ocrx_word' id='word_1_215' title='bbox 388 2453 536 2518; x_wconf 87' lang='lat' dir='ltr'><strong>dissensio</strong></span> <span class='ocrx_word' id='word_1_216' title='bbox 556 2463 588 2518; x_wconf 92' lang='lat' dir='ltr'><strong>et</strong></span> <span class='ocrx_word' id='word_1_217' title='bbox 608 2455 814 2519; x_wconf 84' lang='lat' dir='ltr'><strong>controversie</strong></span> <span class='ocrx_word' id='word_1_218' title='bbox 837 2453 944 2533; x_wconf 82' lang='lat' dir='ltr'><strong>buerit,</strong></span> <span class='ocrx_word' id='word_1_219' title='bbox 973 2453 1050 2517; x_wconf 88' lang='lat' dir='ltr'><strong>inire</strong></span> <span class='ocrx_word' id='word_1_220' title='bbox 1070 2472 1226 2536; x_wconf 83' lang='lat' dir='ltr'><strong>exportato.</strong></span> <span class='ocrx_word' id='word_1_221' title='bbox 1269 2452 1362 2538; x_wconf 76' lang='lat' dir='ltr'><strong>biuito</strong></span> <span class='ocrx_word' id='word_1_222' title='bbox 1392 2463 1490 2520; x_wconf 88' lang='lat' dir='ltr'><strong>taruco</strong></span> <span class='ocrx_word' id='word_1_223' title='bbox 1519 2455 1667 2518; x_wconf 84' lang='lat' dir='ltr'><strong>acriorem</strong></span> <span class='ocrx_word' id='word_1_224' title='bbox 1696 2471 1827 2537; x_wconf 74' lang='lat' dir='ltr'><strong>pugnarn</strong></span> <span class='ocrx_word' id='word_1_225' title='bbox 1856 2456 1937 2518; x_wconf 89' lang='lat' dir='ltr'><strong>onrni</strong></span> <span class='ocrx_word' id='word_1_226' title='bbox 1957 2463 2038 2521; x_wconf 89' lang='lat' dir='ltr'><strong>teur-</strong></span> 
     </span>
     <span class='ocr_line' id='line_1_19' title="bbox 293 2559 2043 2649; baseline -0.001 -19"><span class='ocrx_word' id='word_1_227' title='bbox 293 2585 368 2648; x_wconf 88' lang='lat' dir='ltr'><strong>pore</strong></span> <span class='ocrx_word' id='word_1_228' title='bbox 396 2565 536 2647; x_wconf 85' lang='lat' dir='ltr'><strong>Epicurei</strong></span> <span class='ocrx_word' id='word_1_229' title='bbox 563 2565 722 2630; x_wconf 89' lang='lat' dir='ltr'><strong>subierunt</strong></span> <span class='ocrx_word' id='word_1_230' title='bbox 750 2566 897 2630; x_wconf 87' lang='lat' dir='ltr'><strong>adversus</strong></span> <span class='ocrx_word' id='word_1_231' title='bbox 918 2567 1087 2632; x_wconf 78' lang='lat' dir='ltr'><strong>Platonicos</strong></span> <span class='ocrx_word' id='word_1_232' title='bbox 1115 2574 1148 2630; x_wconf 92' lang='lat' dir='ltr'><strong>et</strong></span> <span class='ocrx_word' id='word_1_233' title='bbox 1174 2565 1301 2629; x_wconf 88' lang='lat' dir='ltr'><strong>Stoicos.</strong></span> <span class='ocrx_word' id='word_1_234' title='bbox 1345 2559 1420 2628; x_wconf 86' lang='lat' dir='ltr'><strong>Naro</strong></span> <span class='ocrx_word' id='word_1_235' title='bbox 1449 2565 1586 2649; x_wconf 74' lang='lat' dir='ltr'><strong>physicas</strong></span> <span class='ocrx_word' id='word_1_236' title='bbox 1614 2565 1807 2647; x_wconf 79' lang='lat' dir='ltr'><strong>quaestiones</strong></span> <span class='ocrx_word' id='word_1_237' title='bbox 1835 2565 1890 2628; x_wconf 89' lang='lat' dir='ltr'><strong>beo</strong></span> <span class='ocrx_word' id='word_1_238' title='bbox 1915 2583 1975 2628; x_wconf 90' lang='lat' dir='ltr'><strong>unu</strong></span> <span class='ocrx_word' id='word_1_239' title='bbox 2005 2565 2043 2630; x_wconf 90' lang='lat' dir='ltr'><strong>de</strong></span> 
     </span>
     <span class='ocr_line' id='line_1_20' title="bbox 295 2675 2042 2760; baseline 0.001 -20"><span class='ocrx_word' id='word_1_240' title='bbox 295 2693 400 2740; x_wconf 88' lang='lat' dir='ltr'><strong>caussa</strong></span> <span class='ocrx_word' id='word_1_241' title='bbox 429 2679 625 2742; x_wconf 88' lang='lat' dir='ltr'><strong>instituendus</strong></span> <span class='ocrx_word' id='word_1_242' title='bbox 654 2678 697 2742; x_wconf 90' lang='lat' dir='ltr'><strong>iiii</strong></span> <span class='ocrx_word' id='word_1_243' title='bbox 724 2689 877 2760; x_wconf 88' lang='lat' dir='ltr'><strong>putarunt,</strong></span> <span class='ocrx_word' id='word_1_244' title='bbox 906 2687 941 2744; x_wconf 90' lang='lat' dir='ltr'><strong>ut</strong></span> <span class='ocrx_word' id='word_1_245' title='bbox 969 2679 1042 2742; x_wconf 92' lang='lat' dir='ltr'><strong>deos</strong></span> <span class='ocrx_word' id='word_1_246' title='bbox 1068 2687 1099 2742; x_wconf 89' lang='lat' dir='ltr'><strong>et</strong></span> <span class='ocrx_word' id='word_1_247' title='bbox 1123 2678 1282 2742; x_wconf 85' lang='lat' dir='ltr'><strong>doemones</strong></span> <span class='ocrx_word' id='word_1_248' title='bbox 1310 2695 1349 2740; x_wconf 89' lang='lat' dir='ltr'><strong>ex</strong></span> <span class='ocrx_word' id='word_1_249' title='bbox 1371 2677 1481 2740; x_wconf 90' lang='lat' dir='ltr'><strong>mundo</strong></span> <span class='ocrx_word' id='word_1_250' title='bbox 1502 2675 1699 2742; x_wconf 78' lang='lat' dir='ltr'><strong>exturbarent</strong></span> <span class='ocrx_word' id='word_1_251' title='bbox 1721 2679 1895 2758; x_wconf 82' lang='lat' dir='ltr'><strong>animosque</strong></span> <span class='ocrx_word' id='word_1_252' title='bbox 1918 2685 2042 2742; x_wconf 89' lang='lat' dir='ltr'><strong>nostros</strong></span> 
     </span>
     <span class='ocr_line' id='line_1_21' title="bbox 294 2781 2039 2871; baseline 0.001 -21"><span class='ocrx_word' id='word_1_253' title='bbox 294 2788 377 2852; x_wconf 81' lang='lat' dir='ltr'><strong>rusci</strong></span> <span class='ocrx_word' id='word_1_254' title='bbox 406 2803 464 2850; x_wconf 90' lang='lat' dir='ltr'><strong>oua</strong></span> <span class='ocrx_word' id='word_1_255' title='bbox 492 2805 560 2850; x_wconf 88' lang='lat' dir='ltr'><strong>oum</strong></span> <span class='ocrx_word' id='word_1_256' title='bbox 589 2805 719 2870; x_wconf 89' lang='lat' dir='ltr'><strong>corpore</strong></span> <span class='ocrx_word' id='word_1_257' title='bbox 747 2797 779 2854; x_wconf 89' lang='lat' dir='ltr'><strong>et</strong></span> <span class='ocrx_word' id='word_1_258' title='bbox 806 2791 907 2871; x_wconf 90' lang='lat' dir='ltr'><strong>perire</strong></span> <span class='ocrx_word' id='word_1_259' title='bbox 935 2787 1107 2870; x_wconf 84' lang='lat' dir='ltr'><strong>preberent.</strong></span> <span class='ocrx_word' id='word_1_260' title='bbox 1151 2791 1251 2866; x_wconf 83' lang='lat' dir='ltr'><strong>Quare</strong></span> <span class='ocrx_word' id='word_1_261' title='bbox 1272 2805 1340 2850; x_wconf 89' lang='lat' dir='ltr'><strong>cum</strong></span> <span class='ocrx_word' id='word_1_262' title='bbox 1368 2781 1573 2869; x_wconf 81' lang='lat' dir='ltr'><strong>Peripateticis</strong></span> <span class='ocrx_word' id='word_1_263' title='bbox 1594 2787 1671 2866; x_wconf 87' lang='lat' dir='ltr'><strong>istis,</strong></span> <span class='ocrx_word' id='word_1_264' title='bbox 1700 2790 1750 2868; x_wconf 87' lang='lat' dir='ltr'><strong>qui</strong></span> <span class='ocrx_word' id='word_1_265' title='bbox 1770 2789 1827 2868; x_wconf 87' lang='lat' dir='ltr'><strong>ipsi</strong></span> <span class='ocrx_word' id='word_1_266' title='bbox 1848 2789 1956 2854; x_wconf 85' lang='lat' dir='ltr'><strong>mentis</strong></span> <span class='ocrx_word' id='word_1_267' title='bbox 1979 2789 2039 2852; x_wconf 87' lang='lat' dir='ltr'><strong>rim</strong></span> 
     </span>
     <span class='ocr_line' id='line_1_22' title="bbox 293 2897 2042 2984; baseline 0 -22"><span class='ocrx_word' id='word_1_268' title='bbox 293 2907 323 2962; x_wconf 90' lang='lat' dir='ltr'><strong>et</strong></span> <span class='ocrx_word' id='word_1_269' title='bbox 342 2899 517 2982; x_wconf 73' lang='lat' dir='ltr'><strong>dignitatern</strong></span> <span class='ocrx_word' id='word_1_270' title='bbox 540 2911 710 2966; x_wconf 86' lang='lat' dir='ltr'><strong>sumserunt</strong></span> <span class='ocrx_word' id='word_1_271' title='bbox 731 2899 962 2984; x_wconf 77' lang='lat' dir='ltr'><strong>infringendum,</strong></span> <span class='ocrx_word' id='word_1_272' title='bbox 983 2901 1015 2964; x_wconf 91' lang='lat' dir='ltr'><strong>iu</strong></span> <span class='ocrx_word' id='word_1_273' title='bbox 1035 2917 1070 2964; x_wconf 89' lang='lat' dir='ltr'><strong>re</strong></span> <span class='ocrx_word' id='word_1_274' title='bbox 1094 2901 1270 2982; x_wconf 83' lang='lat' dir='ltr'><strong>gravissima</strong></span> <span class='ocrx_word' id='word_1_275' title='bbox 1293 2909 1526 2976; x_wconf 87' lang='lat' dir='ltr'><strong>consenserunt;</strong></span> <span class='ocrx_word' id='word_1_276' title='bbox 1556 2899 1763 2962; x_wconf 88' lang='lat' dir='ltr'><strong>dissenserunt</strong></span> <span class='ocrx_word' id='word_1_277' title='bbox 1785 2915 1912 2980; x_wconf 87' lang='lat' dir='ltr'><strong>prorsus</strong></span> <span class='ocrx_word' id='word_1_278' title='bbox 1934 2917 1951 2960; x_wconf 91' lang='lat' dir='ltr'><strong>a</strong></span> <span class='ocrx_word' id='word_1_279' title='bbox 1972 2897 2042 2962; x_wconf 86' lang='lat' dir='ltr'><strong>Plo-</strong></span> 
     </span>
     <span class='ocr_line' id='line_1_23' title="bbox 292 3009 2042 3092; baseline 0 -20"><span class='ocrx_word' id='word_1_280' title='bbox 292 3011 400 3074; x_wconf 90' lang='lat' dir='ltr'><strong>toniois</strong></span> <span class='ocrx_word' id='word_1_281' title='bbox 429 3020 460 3076; x_wconf 91' lang='lat' dir='ltr'><strong>et</strong></span> <span class='ocrx_word' id='word_1_282' title='bbox 487 3011 612 3088; x_wconf 87' lang='lat' dir='ltr'><strong>Stoicis,</strong></span> <span class='ocrx_word' id='word_1_283' title='bbox 641 3027 769 3092; x_wconf 88' lang='lat' dir='ltr'><strong>quorum</strong></span> <span class='ocrx_word' id='word_1_284' title='bbox 799 3019 861 3076; x_wconf 92' lang='lat' dir='ltr'><strong>tota</strong></span> <span class='ocrx_word' id='word_1_285' title='bbox 891 3011 1028 3076; x_wconf 88' lang='lat' dir='ltr'><strong>doctrina</strong></span> <span class='ocrx_word' id='word_1_286' title='bbox 1056 3012 1086 3076; x_wconf 92' lang='lat' dir='ltr'><strong>in</strong></span> <span class='ocrx_word' id='word_1_287' title='bbox 1115 3029 1153 3076; x_wconf 87' lang='lat' dir='ltr'><strong>eo</strong></span> <span class='ocrx_word' id='word_1_288' title='bbox 1181 3009 1236 3074; x_wconf 89' lang='lat' dir='ltr'><strong>iuit</strong></span> <span class='ocrx_word' id='word_1_289' title='bbox 1264 3009 1396 3088; x_wconf 79' lang='lat' dir='ltr'><strong>tundere,</strong></span> <span class='ocrx_word' id='word_1_290' title='bbox 1425 3019 1458 3074; x_wconf 93' lang='lat' dir='ltr'><strong>ut</strong></span> <span class='ocrx_word' id='word_1_291' title='bbox 1486 3012 1547 3074; x_wconf 84' lang='lat' dir='ltr'><strong>viru</strong></span> <span class='ocrx_word' id='word_1_292' title='bbox 1575 3010 1704 3074; x_wconf 69' lang='lat' dir='ltr'><strong>urinam</strong></span> <span class='ocrx_word' id='word_1_293' title='bbox 1734 3027 1788 3090; x_wconf 89' lang='lat' dir='ltr'><strong>per</strong></span> <span class='ocrx_word' id='word_1_294' title='bbox 1811 3013 1915 3074; x_wconf 81' lang='lat' dir='ltr'><strong>omnes</strong></span> <span class='ocrx_word' id='word_1_295' title='bbox 1939 3018 2042 3092; x_wconf 85' lang='lat' dir='ltr'><strong>portes</strong></span> 
     </span>
     <span class='ocr_line' id='line_1_24' title="bbox 293 3119 2042 3204; baseline -0.001 -20"><span class='ocrx_word' id='word_1_296' title='bbox 293 3121 394 3184; x_wconf 85' lang='lat' dir='ltr'><strong>muudi</strong></span> <span class='ocrx_word' id='word_1_297' title='bbox 423 3129 583 3202; x_wconf 87' lang='lat' dir='ltr'><strong>penetrero</strong></span> <span class='ocrx_word' id='word_1_298' title='bbox 610 3122 823 3204; x_wconf 86' lang='lat' dir='ltr'><strong>bominumque</strong></span> <span class='ocrx_word' id='word_1_299' title='bbox 851 3129 967 3187; x_wconf 89' lang='lat' dir='ltr'><strong>mentes</strong></span> <span class='ocrx_word' id='word_1_300' title='bbox 996 3139 1051 3186; x_wconf 86' lang='lat' dir='ltr'><strong>sus</strong></span> <span class='ocrx_word' id='word_1_301' title='bbox 1078 3131 1183 3188; x_wconf 86' lang='lat' dir='ltr'><strong>natura</strong></span> <span class='ocrx_word' id='word_1_302' title='bbox 1212 3119 1328 3184; x_wconf 85' lang='lat' dir='ltr'><strong>divinus</strong></span> <span class='ocrx_word' id='word_1_303' title='bbox 1349 3137 1418 3186; x_wconf 89' lang='lat' dir='ltr'><strong>esse</strong></span> <span class='ocrx_word' id='word_1_304' title='bbox 1441 3121 1595 3185; x_wconf 88' lang='lat' dir='ltr'><strong>docerent.</strong></span> <span class='ocrx_word' id='word_1_305' title='bbox 1640 3122 1821 3202; x_wconf 82' lang='lat' dir='ltr'><strong>Quamquam</strong></span> <span class='ocrx_word' id='word_1_306' title='bbox 1851 3122 1931 3185; x_wconf 89' lang='lat' dir='ltr'><strong>inter</strong></span> <span class='ocrx_word' id='word_1_307' title='bbox 1960 3121 2042 3202; x_wconf 89' lang='lat' dir='ltr'><strong>ipsos</strong></span> 
     </span>
     <span class='ocr_line' id='line_1_25' title="bbox 292 3230 2038 3316; baseline -0.001 -22"><span class='ocrx_word' id='word_1_308' title='bbox 292 3231 460 3296; x_wconf 74' lang='lat' dir='ltr'><strong>Platonicos</strong></span> <span class='ocrx_word' id='word_1_309' title='bbox 489 3243 519 3296; x_wconf 94' lang='lat' dir='ltr'><strong>et</strong></span> <span class='ocrx_word' id='word_1_310' title='bbox 546 3233 663 3296; x_wconf 90' lang='lat' dir='ltr'><strong>Stoicos</strong></span> <span class='ocrx_word' id='word_1_311' title='bbox 698 3231 870 3314; x_wconf 86' lang='lat' dir='ltr'><strong>opinionum</strong></span> <span class='ocrx_word' id='word_1_312' title='bbox 901 3249 1008 3316; x_wconf 77' lang='lat' dir='ltr'><strong>magna</strong></span> <span class='ocrx_word' id='word_1_313' title='bbox 1041 3231 1096 3296; x_wconf 85' lang='lat' dir='ltr'><strong>iuit</strong></span> <span class='ocrx_word' id='word_1_314' title='bbox 1124 3231 1331 3313; x_wconf 85' lang='lat' dir='ltr'><strong>discrepantia.</strong></span> <span class='ocrx_word' id='word_1_315' title='bbox 1376 3231 1459 3294; x_wconf 91' lang='lat' dir='ltr'><strong>inter</strong></span> <span class='ocrx_word' id='word_1_316' title='bbox 1487 3230 1656 3295; x_wconf 75' lang='lat' dir='ltr'><strong>Platonicos</strong></span> <span class='ocrx_word' id='word_1_317' title='bbox 1693 3231 1772 3294; x_wconf 90' lang='lat' dir='ltr'><strong>eninr</strong></span> <span class='ocrx_word' id='word_1_318' title='bbox 1801 3231 1943 3294; x_wconf 84' lang='lat' dir='ltr'><strong>convenit</strong></span> <span class='ocrx_word' id='word_1_319' title='bbox 1977 3247 2038 3294; x_wconf 91' lang='lat' dir='ltr'><strong>non</strong></span> 
     </span>
     <span class='ocr_line' id='line_1_26' title="bbox 291 3340 2042 3428; baseline -0.003 -22"><span class='ocrx_word' id='word_1_320' title='bbox 291 3361 359 3406; x_wconf 90' lang='lat' dir='ltr'><strong>esse</strong></span> <span class='ocrx_word' id='word_1_321' title='bbox 390 3359 521 3423; x_wconf 86' lang='lat' dir='ltr'><strong>unquam</strong></span> <span class='ocrx_word' id='word_1_322' title='bbox 549 3346 663 3408; x_wconf 89' lang='lat' dir='ltr'><strong>animos</strong></span> <span class='ocrx_word' id='word_1_323' title='bbox 692 3353 813 3408; x_wconf 89' lang='lat' dir='ltr'><strong>nostros</strong></span> <span class='ocrx_word' id='word_1_324' title='bbox 843 3353 977 3428; x_wconf 80' lang='lat' dir='ltr'><strong>creatos3</strong></span> <span class='ocrx_word' id='word_1_325' title='bbox 1007 3351 1188 3425; x_wconf 86' lang='lat' dir='ltr'><strong>quapropter</strong></span> <span class='ocrx_word' id='word_1_326' title='bbox 1216 3343 1391 3424; x_wconf 82' lang='lat' dir='ltr'><strong>magistrum</strong></span> <span class='ocrx_word' id='word_1_327' title='bbox 1412 3340 1565 3405; x_wconf 88' lang='lat' dir='ltr'><strong>Platonem</strong></span> <span class='ocrx_word' id='word_1_328' title='bbox 1593 3341 1624 3405; x_wconf 90' lang='lat' dir='ltr'><strong>in</strong></span> <span class='ocrx_word' id='word_1_329' title='bbox 1646 3341 1768 3404; x_wconf 83' lang='lat' dir='ltr'><strong>Timaeo</strong></span> <span class='ocrx_word' id='word_1_330' title='bbox 1788 3343 1956 3406; x_wconf 88' lang='lat' dir='ltr'><strong>animorum</strong></span> <span class='ocrx_word' id='word_1_331' title='bbox 1986 3357 2042 3402; x_wconf 93' lang='lat' dir='ltr'><strong>or-</strong></span> 
     </span>
     <span class='ocr_line' id='line_1_27' title="bbox 292 3452 2042 3537; baseline -0.001 -20"><span class='ocrx_word' id='word_1_332' title='bbox 292 3462 353 3517; x_wconf 89' lang='lat' dir='ltr'><strong>torn</strong></span> <span class='ocrx_word' id='word_1_333' title='bbox 383 3452 587 3517; x_wconf 82' lang='lat' dir='ltr'><strong>renmmmodo</strong></span> <span class='ocrx_word' id='word_1_334' title='bbox 615 3453 783 3536; x_wconf 80' lang='lat' dir='ltr'><strong>explicandi</strong></span> <span class='ocrx_word' id='word_1_335' title='bbox 813 3471 919 3518; x_wconf 89' lang='lat' dir='ltr'><strong>caussa</strong></span> <span class='ocrx_word' id='word_1_336' title='bbox 948 3456 1141 3536; x_wconf 83' lang='lat' dir='ltr'><strong>supposuisse</strong></span> <span class='ocrx_word' id='word_1_337' title='bbox 1170 3463 1354 3518; x_wconf 89' lang='lat' dir='ltr'><strong>censuerunt</strong></span> <span class='ocrx_word' id='word_1_338' title='bbox 1369 3452 1414 3537; x_wconf 79' lang='lat'><strong>2).</strong></span> <span class='ocrx_word' id='word_1_339' title='bbox 1459 3454 1569 3518; x_wconf 79' lang='lat' dir='ltr'><strong>Contra</strong></span> <span class='ocrx_word' id='word_1_340' title='bbox 1591 3453 1699 3518; x_wconf 87' lang='lat' dir='ltr'><strong>Stoicis</strong></span> <span class='ocrx_word' id='word_1_341' title='bbox 1728 3454 1824 3517; x_wconf 84' lang='lat' dir='ltr'><strong>visum</strong></span> <span class='ocrx_word' id='word_1_342' title='bbox 1853 3461 1900 3518; x_wconf 88' lang='lat' dir='ltr'><strong>est</strong></span> <span class='ocrx_word' id='word_1_343' title='bbox 1925 3455 2042 3516; x_wconf 85' lang='lat' dir='ltr'><strong>aniuror</strong></span> 
     </span>
     <span class='ocr_line' id='line_1_28' title="bbox 292 3563 2040 3650; baseline 0.001 -23"><span class='ocrx_word' id='word_1_344' title='bbox 292 3565 322 3627; x_wconf 92' lang='lat' dir='ltr'><strong>in</strong></span> <span class='ocrx_word' id='word_1_345' title='bbox 345 3563 441 3645; x_wconf 88' lang='lat' dir='ltr'><strong>prirno</strong></span> <span class='ocrx_word' id='word_1_346' title='bbox 454 3565 565 3640; x_wconf 21' lang='lat' dir='ltr'><strong>&#39;mundi</strong></span> <span class='ocrx_word' id='word_1_347' title='bbox 587 3573 655 3628; x_wconf 90' lang='lat' dir='ltr'><strong>ortu</strong></span> <span class='ocrx_word' id='word_1_348' title='bbox 676 3566 799 3650; x_wconf 76' lang='lat' dir='ltr'><strong>exigui</strong></span> <span class='ocrx_word' id='word_1_349' title='bbox 820 3565 923 3630; x_wconf 89' lang='lat' dir='ltr'><strong>divino</strong></span> <span class='ocrx_word' id='word_1_350' title='bbox 946 3567 1065 3648; x_wconf 76' lang='lat' dir='ltr'><strong>genitos</strong></span> <span class='ocrx_word' id='word_1_351' title='bbox 1088 3567 1171 3630; x_wconf 87' lang='lat' dir='ltr'><strong>uesci</strong></span> <span class='ocrx_word' id='word_1_352' title='bbox 1192 3567 1221 3628; x_wconf 90' lang='lat' dir='ltr'><strong>in</strong></span> <span class='ocrx_word' id='word_1_353' title='bbox 1243 3567 1372 3630; x_wconf 89' lang='lat' dir='ltr'><strong>hurouoo</strong></span> <span class='ocrx_word' id='word_1_354' title='bbox 1393 3583 1522 3646; x_wconf 86' lang='lat' dir='ltr'><strong>corpore</strong></span> <span class='ocrx_word' id='word_1_355' title='bbox 1550 3575 1581 3630; x_wconf 92' lang='lat' dir='ltr'><strong>et</strong></span> <span class='ocrx_word' id='word_1_356' title='bbox 1600 3573 1670 3645; x_wconf 93' lang='lat' dir='ltr'><strong>post</strong></span> <span class='ocrx_word' id='word_1_357' title='bbox 1688 3565 1855 3629; x_wconf 84' lang='lat' dir='ltr'><strong>discessum</strong></span> <span class='ocrx_word' id='word_1_358' title='bbox 1877 3581 2040 3646; x_wconf 90' lang='lat' dir='ltr'><strong>acorpore</strong></span> 
     </span>
     <span class='ocr_line' id='line_1_29' title="bbox 293 3672 2039 3760; baseline -0.001 -20"><span class='ocrx_word' id='word_1_359' title='bbox 293 3676 377 3740; x_wconf 86' lang='lat' dir='ltr'><strong>ocius</strong></span> <span class='ocrx_word' id='word_1_360' title='bbox 407 3679 506 3740; x_wconf 89' lang='lat' dir='ltr'><strong>serius</strong></span> <span class='ocrx_word' id='word_1_361' title='bbox 527 3677 686 3757; x_wconf 81' lang='lat' dir='ltr'><strong>dissipatos</strong></span> <span class='ocrx_word' id='word_1_362' title='bbox 716 3679 745 3739; x_wconf 92' lang='lat' dir='ltr'><strong>in</strong></span> <span class='ocrx_word' id='word_1_363' title='bbox 772 3677 885 3760; x_wconf 79' lang='lat' dir='ltr'><strong>ignem,</strong></span> <span class='ocrx_word' id='word_1_364' title='bbox 914 3676 994 3740; x_wconf 92' lang='lat' dir='ltr'><strong>unde</strong></span> <span class='ocrx_word' id='word_1_365' title='bbox 1022 3677 1156 3757; x_wconf 89' lang='lat' dir='ltr'><strong>decerpti</strong></span> <span class='ocrx_word' id='word_1_366' title='bbox 1183 3685 1302 3756; x_wconf 87' lang='lat' dir='ltr'><strong>essunt,</strong></span> <span class='ocrx_word' id='word_1_367' title='bbox 1327 3676 1489 3740; x_wconf 83' lang='lat' dir='ltr'><strong>coelestem</strong></span> <span class='ocrx_word' id='word_1_368' title='bbox 1515 3684 1546 3740; x_wconf 87' lang='lat' dir='ltr'><strong>et</strong></span> <span class='ocrx_word' id='word_1_369' title='bbox 1568 3675 1701 3740; x_wconf 83' lang='lat' dir='ltr'><strong>divinum</strong></span> <span class='ocrx_word' id='word_1_370' title='bbox 1727 3693 1797 3738; x_wconf 89' lang='lat' dir='ltr'><strong>esse</strong></span> <span class='ocrx_word' id='word_1_371' title='bbox 1827 3672 2039 3757; x_wconf 78' lang='lat' dir='ltr'><strong>redituros³).</strong></span> 
     </span>
    </p>

    <p class='ocr_par' dir='ltr' id='par_1_4' title="bbox 288 3785 2040 4536">
     <span class='ocr_line' id='line_1_30' title="bbox 420 3785 2040 3872; baseline -0.002 -22"><span class='ocrx_word' id='word_1_372' title='bbox 420 3789 473 3852; x_wconf 82' lang='lat' dir='ltr'><strong>iiis</strong></span> <span class='ocrx_word' id='word_1_373' title='bbox 504 3789 543 3851; x_wconf 91' lang='lat' dir='ltr'><strong>itu</strong></span> <span class='ocrx_word' id='word_1_374' title='bbox 571 3789 706 3852; x_wconf 87' lang='lat' dir='ltr'><strong>breviter</strong></span> <span class='ocrx_word' id='word_1_375' title='bbox 727 3789 894 3870; x_wconf 88' lang='lat' dir='ltr'><strong>disputatis,</strong></span> <span class='ocrx_word' id='word_1_376' title='bbox 919 3798 1075 3870; x_wconf 83' lang='lat' dir='ltr'><strong>antequam</strong></span> <span class='ocrx_word' id='word_1_377' title='bbox 1104 3787 1139 3850; x_wconf 93' lang='lat' dir='ltr'><strong>ad</strong></span> <span class='ocrx_word' id='word_1_378' title='bbox 1169 3785 1285 3872; x_wconf 76' lang='lat' dir='ltr'><strong>singule</strong></span> <span class='ocrx_word' id='word_1_379' title='bbox 1315 3793 1491 3870; x_wconf 77' lang='lat' dir='ltr'><strong>argumenta</strong></span> <span class='ocrx_word' id='word_1_380' title='bbox 1511 3786 1662 3862; x_wconf 78' lang='lat' dir='ltr'><strong>secedam,</strong></span> <span class='ocrx_word' id='word_1_381' title='bbox 1691 3787 1793 3866; x_wconf 84' lang='lat' dir='ltr'><strong>paucis</strong></span> <span class='ocrx_word' id='word_1_382' title='bbox 1821 3785 1930 3868; x_wconf 88' lang='lat' dir='ltr'><strong>placita</strong></span> <span class='ocrx_word' id='word_1_383' title='bbox 1957 3803 2040 3848; x_wconf 90' lang='lat' dir='ltr'><strong>non-</strong></span> 
     </span>
     <span class='ocr_line' id='line_1_31' title="bbox 291 3877 2034 3982; baseline 0.001 -24"><span class='ocrx_word' id='word_1_384' title='bbox 291 3895 371 3962; x_wconf 90' lang='lat' dir='ltr'><strong>nuiie</strong></span> <span class='ocrx_word' id='word_1_385' title='bbox 399 3907 469 3962; x_wconf 90' lang='lat' dir='ltr'><strong>sunt</strong></span> <span class='ocrx_word' id='word_1_386' title='bbox 495 3877 680 3980; x_wconf 72' lang='lat' dir='ltr'><strong>exploranda</strong></span> <span class='ocrx_word' id='word_1_387' title='bbox 709 3901 862 3982; x_wconf 80' lang='lat' dir='ltr'><strong>graviora,</strong></span> <span class='ocrx_word' id='word_1_388' title='bbox 891 3903 920 3962; x_wconf 90' lang='lat' dir='ltr'><strong>in</strong></span> <span class='ocrx_word' id='word_1_389' title='bbox 949 3901 1057 3981; x_wconf 85' lang='lat' dir='ltr'><strong>quibus</strong></span> <span class='ocrx_word' id='word_1_390' title='bbox 1074 3901 1202 3982; x_wconf 69' lang='lat' dir='ltr'><strong>¹Epicuri</strong></span> <span class='ocrx_word' id='word_1_391' title='bbox 1231 3901 1268 3962; x_wconf 90' lang='lat' dir='ltr'><strong>de</strong></span> <span class='ocrx_word' id='word_1_392' title='bbox 1290 3900 1385 3962; x_wconf 83' lang='lat' dir='ltr'><strong>enims</strong></span> <span class='ocrx_word' id='word_1_393' title='bbox 1416 3900 1552 3962; x_wconf 88' lang='lat' dir='ltr'><strong>doctrine</strong></span> <span class='ocrx_word' id='word_1_394' title='bbox 1573 3907 1619 3964; x_wconf 91' lang='lat' dir='ltr'><strong>est</strong></span> <span class='ocrx_word' id='word_1_395' title='bbox 1641 3898 1795 3962; x_wconf 85' lang='lat' dir='ltr'><strong>collocate.</strong></span> <span class='ocrx_word' id='word_1_396' title='bbox 1839 3897 2034 3962; x_wconf 86' lang='lat' dir='ltr'><strong>Notissimum</strong></span> 
     </span>
     <span class='ocr_line' id='line_1_32' title="bbox 290 4009 2039 4092; baseline -0.001 -18"><span class='ocrx_word' id='word_1_397' title='bbox 290 4017 334 4074; x_wconf 87' lang='lat' dir='ltr'><strong>est</strong></span> <span class='ocrx_word' id='word_1_398' title='bbox 363 4009 526 4092; x_wconf 73' lang='lat' dir='ltr'><strong>Epicurum</strong></span> <span class='ocrx_word' id='word_1_399' title='bbox 547 4029 586 4074; x_wconf 87' lang='lat' dir='ltr'><strong>ex</strong></span> <span class='ocrx_word' id='word_1_400' title='bbox 616 4011 725 4076; x_wconf 86' lang='lat' dir='ltr'><strong>mundo</strong></span> <span class='ocrx_word' id='word_1_401' title='bbox 747 4027 857 4074; x_wconf 89' lang='lat' dir='ltr'><strong>numen</strong></span> <span class='ocrx_word' id='word_1_402' title='bbox 879 4012 1012 4074; x_wconf 86' lang='lat' dir='ltr'><strong>divinum</strong></span> <span class='ocrx_word' id='word_1_403' title='bbox 1042 4013 1193 4092; x_wconf 87' lang='lat' dir='ltr'><strong>expulisse</strong></span> <span class='ocrx_word' id='word_1_404' title='bbox 1201 4032 1210 4086; x_wconf 92' lang='lat'>;</span> <span class='ocrx_word' id='word_1_405' title='bbox 1243 4011 1315 4074; x_wconf 90' lang='lat' dir='ltr'><strong>iiiud</strong></span> <span class='ocrx_word' id='word_1_406' title='bbox 1344 4027 1412 4072; x_wconf 91' lang='lat' dir='ltr'><strong>curn</strong></span> <span class='ocrx_word' id='word_1_407' title='bbox 1441 4020 1525 4074; x_wconf 89' lang='lat' dir='ltr'><strong>reote</strong></span> <span class='ocrx_word' id='word_1_408' title='bbox 1554 4011 1678 4074; x_wconf 91' lang='lat' dir='ltr'><strong>sentiret</strong></span> <span class='ocrx_word' id='word_1_409' title='bbox 1707 4019 1848 4090; x_wconf 90' lang='lat' dir='ltr'><strong>oportere</strong></span> <span class='ocrx_word' id='word_1_410' title='bbox 1877 4019 1907 4074; x_wconf 90' lang='lat' dir='ltr'><strong>et</strong></span> <span class='ocrx_word' id='word_1_411' title='bbox 1935 4019 2039 4073; x_wconf 86' lang='lat' dir='ltr'><strong>oeter-</strong></span> 
     </span>
     <span class='ocr_line' id='line_1_33' title="bbox 290 4119 2036 4204; baseline 0.001 -24"><span class='ocrx_word' id='word_1_412' title='bbox 290 4134 450 4186; x_wconf 74' lang='lat' dir='ltr'><strong>minemo</strong></span> <span class='ocrx_word' id='word_1_413' title='bbox 472 4121 657 4197; x_wconf 81' lang='lat' dir='ltr'><strong>otbertum,</strong></span> <span class='ocrx_word' id='word_1_414' title='bbox 687 4131 785 4184; x_wconf 87' lang='lat' dir='ltr'><strong>tumen</strong></span> <span class='ocrx_word' id='word_1_415' title='bbox 809 4139 867 4185; x_wconf 91' lang='lat' dir='ltr'><strong>oon</strong></span> <span class='ocrx_word' id='word_1_416' title='bbox 891 4123 966 4186; x_wconf 79' lang='lat' dir='ltr'><strong>vidit</strong></span> <span class='ocrx_word' id='word_1_417' title='bbox 985 4123 1064 4186; x_wconf 88' lang='lat' dir='ltr'><strong>idem</strong></span> <span class='ocrx_word' id='word_1_418' title='bbox 1086 4139 1175 4203; x_wconf 89' lang='lat' dir='ltr'><strong>posse</strong></span> <span class='ocrx_word' id='word_1_419' title='bbox 1197 4133 1226 4186; x_wconf 91' lang='lat' dir='ltr'><strong>et</strong></span> <span class='ocrx_word' id='word_1_420' title='bbox 1249 4122 1389 4184; x_wconf 87' lang='lat' dir='ltr'><strong>mundum</strong></span> <span class='ocrx_word' id='word_1_421' title='bbox 1412 4119 1534 4186; x_wconf 82' lang='lat' dir='ltr'><strong>edicere</strong></span> <span class='ocrx_word' id='word_1_422' title='bbox 1554 4131 1585 4185; x_wconf 92' lang='lat' dir='ltr'><strong>et</strong></span> <span class='ocrx_word' id='word_1_423' title='bbox 1615 4139 1717 4184; x_wconf 90' lang='lat' dir='ltr'><strong>rerorn</strong></span> <span class='ocrx_word' id='word_1_424' title='bbox 1738 4137 1841 4184; x_wconf 86' lang='lat' dir='ltr'><strong>coram</strong></span> <span class='ocrx_word' id='word_1_425' title='bbox 1867 4137 1980 4204; x_wconf 77' lang='lat' dir='ltr'><strong>gerere</strong></span> <span class='ocrx_word' id='word_1_426' title='bbox 2001 4139 2036 4182; x_wconf 92' lang='lat' dir='ltr'><strong>ac</strong></span> 
     </span>
     <span class='ocr_line' id='line_1_34' title="bbox 289 4229 2038 4318; baseline 0.002 -28"><span class='ocrx_word' id='word_1_427' title='bbox 289 4229 505 4310; x_wconf 87' lang='lat' dir='ltr'><strong>providentiam</strong></span> <span class='ocrx_word' id='word_1_428' title='bbox 520 4231 566 4316; x_wconf 69' lang='lat'><strong>²⁶).</strong></span> <span class='ocrx_word' id='word_1_429' title='bbox 613 4232 787 4295; x_wconf 86' lang='lat' dir='ltr'><strong>iiuiusrnodi</strong></span> <span class='ocrx_word' id='word_1_430' title='bbox 816 4251 907 4312; x_wconf 89' lang='lat' dir='ltr'><strong>opera</strong></span> <span class='ocrx_word' id='word_1_431' title='bbox 936 4243 968 4296; x_wconf 92' lang='lat' dir='ltr'><strong>et</strong></span> <span class='ocrx_word' id='word_1_432' title='bbox 996 4237 1118 4318; x_wconf 81' lang='lat' dir='ltr'><strong>negotia</strong></span> <span class='ocrx_word' id='word_1_433' title='bbox 1139 4235 1276 4316; x_wconf 90' lang='lat' dir='ltr'><strong>opinatus</strong></span> <span class='ocrx_word' id='word_1_434' title='bbox 1306 4251 1374 4296; x_wconf 88' lang='lat' dir='ltr'><strong>esse</strong></span> <span class='ocrx_word' id='word_1_435' title='bbox 1403 4233 1526 4296; x_wconf 87' lang='lat' dir='ltr'><strong>moleste</strong></span> <span class='ocrx_word' id='word_1_436' title='bbox 1554 4231 1619 4296; x_wconf 85' lang='lat' dir='ltr'><strong>Deo</strong></span> <span class='ocrx_word' id='word_1_437' title='bbox 1646 4231 1749 4296; x_wconf 89' lang='lat' dir='ltr'><strong>sedeur</strong></span> <span class='ocrx_word' id='word_1_438' title='bbox 1770 4234 1801 4294; x_wconf 91' lang='lat' dir='ltr'><strong>in</strong></span> <span class='ocrx_word' id='word_1_439' title='bbox 1828 4231 2038 4296; x_wconf 89' lang='lat' dir='ltr'><strong>intermundiis</strong></span> 
     </span>
     <span class='ocr_line' id='line_1_35' title="bbox 288 4339 2039 4427; baseline 0.003 -26"><span class='ocrx_word' id='word_1_440' title='bbox 288 4339 413 4420; x_wconf 86' lang='lat' dir='ltr'><strong>locarit,</strong></span> <span class='ocrx_word' id='word_1_441' title='bbox 445 4343 494 4406; x_wconf 92' lang='lat' dir='ltr'><strong>ubi</strong></span> <span class='ocrx_word' id='word_1_442' title='bbox 528 4345 615 4408; x_wconf 85' lang='lat' dir='ltr'><strong>nuliis</strong></span> <span class='ocrx_word' id='word_1_443' title='bbox 646 4343 890 4424; x_wconf 89' lang='lat' dir='ltr'><strong>occupationibus</strong></span> <span class='ocrx_word' id='word_1_444' title='bbox 920 4345 1087 4427; x_wconf 86' lang='lat' dir='ltr'><strong>implicatus</strong></span> <span class='ocrx_word' id='word_1_445' title='bbox 1121 4365 1175 4408; x_wconf 89' lang='lat' dir='ltr'><strong>suo</strong></span> <span class='ocrx_word' id='word_1_446' title='bbox 1203 4345 1347 4426; x_wconf 89' lang='lat' dir='ltr'><strong>sapientia</strong></span> <span class='ocrx_word' id='word_1_447' title='bbox 1378 4355 1408 4408; x_wconf 90' lang='lat' dir='ltr'><strong>ct</strong></span> <span class='ocrx_word' id='word_1_448' title='bbox 1441 4344 1552 4407; x_wconf 84' lang='lat' dir='ltr'><strong>uirtute</strong></span> <span class='ocrx_word' id='word_1_449' title='bbox 1582 4343 1729 4424; x_wconf 80' lang='lat' dir='ltr'><strong>gauderet</strong></span> <span class='ocrx_word' id='word_1_450' title='bbox 1754 4343 1797 4426; x_wconf 74' lang='lat'><strong>⁵).</strong></span> <span class='ocrx_word' id='word_1_451' title='bbox 1844 4343 1897 4406; x_wconf 88' lang='lat' dir='ltr'><strong>Cui</strong></span> <span class='ocrx_word' id='word_1_452' title='bbox 1920 4343 2039 4407; x_wconf 83' lang='lat' dir='ltr'><strong>divinoe</strong></span> 
     </span>
     <span class='ocr_line' id='line_1_36' title="bbox 290 4449 2034 4536; baseline 0.006 -30"><span class='ocrx_word' id='word_1_453' title='bbox 290 4449 368 4512; x_wconf 82' lang='lat' dir='ltr'><strong>vitoe</strong></span> <span class='ocrx_word' id='word_1_454' title='bbox 397 4449 553 4516; x_wconf 86' lang='lat' dir='ltr'><strong>maoiiesto</strong></span> <span class='ocrx_word' id='word_1_455' title='bbox 575 4457 716 4535; x_wconf 81' lang='lat' dir='ltr'><strong>congrait</strong></span> <span class='ocrx_word' id='word_1_456' title='bbox 738 4473 791 4532; x_wconf 88' lang='lat' dir='ltr'><strong>ea,</strong></span> <span class='ocrx_word' id='word_1_457' title='bbox 820 4474 907 4536; x_wconf 86' lang='lat' dir='ltr'><strong>quarn</strong></span> <span class='ocrx_word' id='word_1_458' title='bbox 930 4457 987 4520; x_wconf 89' lang='lat' dir='ltr'><strong>boc</strong></span> <span class='ocrx_word' id='word_1_459' title='bbox 1017 4458 1047 4520; x_wconf 91' lang='lat' dir='ltr'><strong>in</strong></span> <span class='ocrx_word' id='word_1_460' title='bbox 1075 4455 1184 4521; x_wconf 88' lang='lat' dir='ltr'><strong>mundo</strong></span> <span class='ocrx_word' id='word_1_461' title='bbox 1213 4455 1341 4519; x_wconf 85' lang='lat' dir='ltr'><strong>bominis</strong></span> <span class='ocrx_word' id='word_1_462' title='bbox 1369 4471 1438 4518; x_wconf 88' lang='lat' dir='ltr'><strong>esse</strong></span> <span class='ocrx_word' id='word_1_463' title='bbox 1458 4453 1642 4535; x_wconf 83' lang='lat' dir='ltr'><strong>praedicavit</strong></span> <span class='ocrx_word' id='word_1_464' title='bbox 1663 4455 1821 4535; x_wconf 63' lang='lat' dir='ltr'><strong>septenum</strong></span> <span class='ocrx_word' id='word_1_465' title='bbox 1842 4453 1932 4518; x_wconf 87' lang='lat' dir='ltr'><strong>huius</strong></span> <span class='ocrx_word' id='word_1_466' title='bbox 1955 4454 2034 4518; x_wconf 83' lang='lat' dir='ltr'><strong>eninr</strong></span> 
     </span>
    </p>
   </div>
   <div class='ocr_carea' id='block_1_3' title="bbox 404 4702 2034 4882">
    <p class='ocr_par' dir='ltr' id='par_1_5' title="bbox 404 4702 2034 4882">
     <span class='ocr_line' id='line_1_37' title="bbox 408 4702 2034 4792; baseline -0.003 -10"><span class='ocrx_word' id='word_1_467' title='bbox 408 4719 429 4782; x_wconf 90' lang='lat'><strong>¹)</strong></span> <span class='ocrx_word' id='word_1_468' title='bbox 448 4725 523 4788; x_wconf 78' lang='lat' dir='ltr'><strong>Diog.</strong></span> <span class='ocrx_word' id='word_1_469' title='bbox 544 4725 575 4776; x_wconf 83' lang='lat' dir='ltr'><strong>L.</strong></span> <span class='ocrx_word' id='word_1_470' title='bbox 595 4725 621 4776; x_wconf 81' lang='lat' dir='ltr'>X</span> <span class='ocrx_word' id='word_1_471' title='bbox 642 4723 764 4776; x_wconf 60' lang='lat' dir='ltr'><strong>due-uu</strong></span> <span class='ocrx_word' id='word_1_472' title='bbox 797 4749 832 4761; x_wconf 87' lang='lat'><strong>-·</strong></span> <span class='ocrx_word' id='word_1_473' title='bbox 865 4702 888 4790; x_wconf 64' lang='lat' dir='ltr'><strong>&#39;i</strong></span> <span class='ocrx_word' id='word_1_474' title='bbox 915 4729 1049 4780; x_wconf 83' lang='lat' dir='ltr'><strong>Plutorcb.</strong></span> <span class='ocrx_word' id='word_1_475' title='bbox 1069 4731 1100 4779; x_wconf 85' lang='lat' dir='ltr'><strong>de</strong></span> <span class='ocrx_word' id='word_1_476' title='bbox 1119 4730 1195 4779; x_wconf 86' lang='lat' dir='ltr'><strong>enim.</strong></span> <span class='ocrx_word' id='word_1_477' title='bbox 1222 4741 1305 4792; x_wconf 87' lang='lat' dir='ltr'><strong>prcor.</strong></span> <span class='ocrx_word' id='word_1_478' title='bbox 1331 4725 1548 4778; x_wconf 82' lang='lat' dir='ltr'><strong>oTinr.c.11L</strong></span> <span class='ocrx_word' id='word_1_479' title='bbox 1589 4725 1616 4776; x_wconf 89' lang='lat' dir='ltr'><strong>S.</strong></span> <span class='ocrx_word' id='word_1_480' title='bbox 1637 4726 1774 4790; x_wconf 77' lang='lat' dir='ltr'><strong>Augustis.</strong></span> <span class='ocrx_word' id='word_1_481' title='bbox 1795 4727 1828 4776; x_wconf 88' lang='lat' dir='ltr'><strong>de</strong></span> <span class='ocrx_word' id='word_1_482' title='bbox 1846 4727 1894 4776; x_wconf 83' lang='lat' dir='ltr'><strong>cir.</strong></span> <span class='ocrx_word' id='word_1_483' title='bbox 1921 4726 1961 4775; x_wconf 90' lang='lat' dir='ltr'><strong>dei</strong></span> <span class='ocrx_word' id='word_1_484' title='bbox 1989 4726 2034 4777; x_wconf 86' lang='lat' dir='ltr'><strong>tib.</strong></span> 
     </span>
     <span class='ocr_line' id='line_1_38' title="bbox 404 4810 2031 4882; baseline 0.004 -22"><span class='ocrx_word' id='word_1_485' title='bbox 404 4811 430 4860; x_wconf 84' lang='lat' dir='ltr'>X</span> <span class='ocrx_word' id='word_1_486' title='bbox 449 4827 471 4861; x_wconf 89' lang='lat' dir='ltr'><strong>c.</strong></span> <span class='ocrx_word' id='word_1_487' title='bbox 492 4813 537 4866; x_wconf 79' lang='lat'><strong>31.</strong></span> <span class='ocrx_word' id='word_1_488' title='bbox 565 4841 600 4854; x_wconf 88' lang='lat'><strong>-··</strong></span> <span class='ocrx_word' id='word_1_489' title='bbox 629 4813 651 4878; x_wconf 78' lang='lat'><strong>³)</strong></span> <span class='ocrx_word' id='word_1_490' title='bbox 678 4815 754 4880; x_wconf 76' lang='lat' dir='ltr'><strong>Diog.</strong></span> <span class='ocrx_word' id='word_1_491' title='bbox 774 4813 805 4866; x_wconf 86' lang='lat' dir='ltr'><strong>L.</strong></span> <span class='ocrx_word' id='word_1_492' title='bbox 825 4817 880 4868; x_wconf 86' lang='lat' dir='ltr'><strong>vn</strong></span> <span class='ocrx_word' id='word_1_493' title='bbox 902 4817 964 4870; x_wconf 83' lang='lat'>156.</span> <span class='ocrx_word' id='word_1_494' title='bbox 1006 4818 1160 4870; x_wconf 87' lang='lat' dir='ltr'><strong>Censorinus</strong></span> <span class='ocrx_word' id='word_1_495' title='bbox 1179 4821 1211 4868; x_wconf 90' lang='lat' dir='ltr'><strong>de</strong></span> <span class='ocrx_word' id='word_1_496' title='bbox 1230 4819 1270 4867; x_wconf 88' lang='lat' dir='ltr'><strong>die</strong></span> <span class='ocrx_word' id='word_1_497' title='bbox 1296 4827 1347 4867; x_wconf 85' lang='lat' dir='ltr'><strong>ost.</strong></span> <span class='ocrx_word' id='word_1_498' title='bbox 1369 4832 1390 4867; x_wconf 89' lang='lat' dir='ltr'><strong>c.</strong></span> <span class='ocrx_word' id='word_1_499' title='bbox 1412 4810 1438 4866; x_wconf 71' lang='lat'><strong>4.</strong></span> <span class='ocrx_word' id='word_1_500' title='bbox 1477 4816 1607 4880; x_wconf 68' lang='lat' dir='ltr'><strong>Wyuettb.</strong></span> <span class='ocrx_word' id='word_1_501' title='bbox 1629 4831 1714 4882; x_wconf 88' lang='lat' dir='ltr'><strong>opusc.</strong></span> <span class='ocrx_word' id='word_1_502' title='bbox 1736 4815 1849 4868; x_wconf 78' lang='lat'>11282.</span> <span class='ocrx_word' id='word_1_503' title='bbox 1890 4815 2031 4866; x_wconf 75' lang='lat' dir='ltr'><strong>Stoicorum</strong></span> 
     </span>
    </p>
   </div>
   <div class='ocr_carea' id='block_1_4' title="bbox 403 4901 2031 5054">
    <p class='ocr_par' dir='ltr' id='par_1_6' title="bbox 403 4901 2031 5054">
     <span class='ocr_line' id='line_1_39' title="bbox 404 4901 2031 4982; baseline 0.003 -31"><span class='ocrx_word' id='word_1_504' title='bbox 404 4902 434 4952; x_wconf 89' lang='lat' dir='ltr'><strong>de</strong></span> <span class='ocrx_word' id='word_1_505' title='bbox 454 4902 531 4950; x_wconf 85' lang='lat' dir='ltr'><strong>animi</strong></span> <span class='ocrx_word' id='word_1_506' title='bbox 549 4909 625 4955; x_wconf 84' lang='lat' dir='ltr'><strong>nostri</strong></span> <span class='ocrx_word' id='word_1_507' title='bbox 645 4915 720 4971; x_wconf 80' lang='lat' dir='ltr'><strong>portu</strong></span> <span class='ocrx_word' id='word_1_508' title='bbox 740 4916 766 4957; x_wconf 81' lang='lat' dir='ltr'><strong>et</strong></span> <span class='ocrx_word' id='word_1_509' title='bbox 784 4907 884 4958; x_wconf 80' lang='lat' dir='ltr'><strong>interitu</strong></span> <span class='ocrx_word' id='word_1_510' title='bbox 905 4910 1028 4960; x_wconf 82' lang='lat' dir='ltr'><strong>sententie</strong></span> <span class='ocrx_word' id='word_1_511' title='bbox 1047 4907 1115 4956; x_wconf 85' lang='lat' dir='ltr'><strong>inira</strong></span> <span class='ocrx_word' id='word_1_512' title='bbox 1134 4917 1280 4972; x_wconf 81' lang='lat' dir='ltr'><strong>exponetur.</strong></span> <span class='ocrx_word' id='word_1_513' title='bbox 1307 4931 1344 4944; x_wconf 90' lang='grc'><strong>--</strong></span> <span class='ocrx_word' id='word_1_514' title='bbox 1369 4901 1393 4967; x_wconf 58' lang='lat'><strong>⁴)</strong></span> <span class='ocrx_word' id='word_1_515' title='bbox 1421 4907 1499 4970; x_wconf 84' lang='lat' dir='ltr'><strong>Diog.</strong></span> <span class='ocrx_word' id='word_1_516' title='bbox 1520 4905 1551 4958; x_wconf 80' lang='lat' dir='ltr'><strong>t.</strong></span> <span class='ocrx_word' id='word_1_517' title='bbox 1571 4907 1596 4956; x_wconf 83' lang='lat' dir='ltr'>X</span> <span class='ocrx_word' id='word_1_518' title='bbox 1620 4907 1681 4958; x_wconf 78' lang='grc'><strong>123.</strong></span> <span class='ocrx_word' id='word_1_519' title='bbox 1703 4907 1768 4982; x_wconf 69' lang='lat' dir='ltr'><strong>idi).</strong></span> <span class='ocrx_word' id='word_1_520' title='bbox 1790 4931 1827 4944; x_wconf 92' lang='grc'><strong>-·</strong></span> <span class='ocrx_word' id='word_1_521' title='bbox 1848 4903 1873 4969; x_wconf 79' lang='lat'><strong>⁵)</strong></span> <span class='ocrx_word' id='word_1_522' title='bbox 1895 4905 1949 4956; x_wconf 85' lang='lat' dir='ltr'><strong>Cic.</strong></span> <span class='ocrx_word' id='word_1_523' title='bbox 1970 4905 2031 4956; x_wconf 81' lang='lat' dir='ltr'><strong>Nat.</strong></span> 
     </span>
     <span class='ocr_line' id='line_1_40' title="bbox 403 4989 646 5054; baseline 0.016 -14"><span class='ocrx_word' id='word_1_524' title='bbox 403 4989 481 5041; x_wconf 87' lang='lat' dir='ltr'><strong>Deor.</strong></span> <span class='ocrx_word' id='word_1_525' title='bbox 502 4991 516 5040; x_wconf 93' lang='lat'>1</span> <span class='ocrx_word' id='word_1_526' title='bbox 541 4991 581 5054; x_wconf 83' lang='lat'><strong>19,</strong></span> <span class='ocrx_word' id='word_1_527' title='bbox 603 4995 646 5044; x_wconf 77' lang='lat' dir='ltr'><strong>st.</strong></span> 
     </span>
    </p>
   </div>
   <div class='ocr_carea' id='block_1_5' title="bbox 1753 5077 1797 5146">
    <p class='ocr_par' dir='ltr' id='par_1_7' title="bbox 1753 5077 1797 5146">
     <span class='ocr_line' id='line_1_41' title="bbox 1753 5077 1797 5146; baseline 0 0"><span class='ocrx_word' id='word_1_528' title='bbox 1753 5077 1757 5094; x_wconf 83' lang='lat'>&#39;</span> <span class='ocrx_word' id='word_1_529' title='bbox 1780 5096 1797 5146; x_wconf 82' lang='lat' dir='ltr'><strong>s</strong></span> 
     </span>
    </p>
   </div>
   <div class='ocr_carea' id='block_1_6' title="bbox 0 0 2394 5634">
    <p class='ocr_par' dir='ltr' id='par_1_8' title="bbox 0 0 2394 5634">
     <span class='ocr_line' id='line_1_42' title="bbox 0 0 2394 5634; baseline 0 4"><span class='ocrx_word' id='word_1_530' title='bbox 0 0 2394 5634; x_wconf 95' lang='lat' dir='ltr'><strong> </strong></span> 
     </span>
    </p>
   </div>
  </div>
 </body>
</html>
