4780 5634
1123 453 1338 520 ...14-

355 669 467 744 quanto
495 660 593 724 rulnor
622 664 702 722 esset
731 655 821 720 animi
849 653 936 718 dolor
966 663 996 717 et
1023 651 1214 730 sollicitudo,
1242 661 1324 716 tanto
1353 653 1497 718 maiorem
1513 652 1611 724 ,duxit
1636 652 1818 736 uoluptatem
1836 652 1878 738 1).
1935 658 2035 740 Atque
2062 659 2106 726 illi

354 773 476 854 quidem
502 772 610 836 rationi
630 769 780 852 Epicurus
795 772 991 833 'momentum
1022 763 1164 828 tribuisse
1186 762 1305 826 uidetur
1330 763 1500 844 plurimum.
1544 763 1662 830 Etenim
1690 783 1759 830 esse
1789 767 1863 834 deos
1894 785 1954 835 non
1983 772 2104 836 omuino

354 884 492 968 negarim
520 881 641 946 sustulit
663 899 681 944 e
703 878 922 958 mundo,‘quos
951 874 1049 938 animo
1078 875 1302 954 informaverat,
1324 875 1459 938 dominos
1481 875 1608 940 acerbos
1633 878 1811 942 necessitate
1840 897 1894 942 sua
1923 881 1987 944 acri
2015 891 2104 962 atque

354 993 473 1058 inimica
501 1011 569 1054 cum
606 992 717 1054 liberos
746 997 871 1054 naturae
900 995 998 1050 motus
1034 994 1096 1048 tum
1137 986 1289 1064 homiuum
1317 986 1469 1062 libidinem
1496 1004 1614 1052 omnem
1644 988 1855 1068 opprimentes.
1900 991 1988 1074 Diog.
2016 993 2049 1058 t.
2076 993 2105 1056 X

357 1103 442 1168 133:
492 1105 528 1166 τὰ
560 1099 593 1164 δὲ
621 1097 696 1182 παρ’
718 1096 808 1181 ἡμῶν
837 1093 1025 1158 ἀδέσποτον·
1072 1083 1098 1180 ᾧ
1126 1094 1182 1159 καί
1210 1097 1245 1158 τὸ
1275 1095 1416 1174 μεμπτὸν
1446 1093 1502 1158 καὶ
1532 1095 1565 1158 τὸ
1596 1095 1735 1160 ἐναντίον
1763 1103 2020 1182 παρακολουθεῖν
2048 1101 2104 1166 ne'.
2148 1137 2149 1140 ¹
2218 1101 2233 1120 “

355 1235 466 1298 pexae·
510 1210 579 1275 ἕποι’
607 1220 746 1294 κρεῖττον
783 1199 821 1290 ἦν
849 1207 891 1292 τῷ
920 1202 993 1288 περὶ
1020 1207 1107 1268 θεῶν
1142 1205 1238 1292 μύθῳ
1268 1209 1519 1270 κατακολουθεῖν
1547 1201 1567 1286 ἢ
1596 1207 1634 1290 τῇ
1663 1209 1726 1269 τῶν
1755 1210 1901 1291 φυσικῶν
1930 1207 2102 1298 εἱμαρμένῃ

346 1318 517 1388 'doctriua
549 1323 632 1386 lllam
657 1322 865 1392 necessitatem
895 1329 927 1384 ut
956 1317 1088 1382 funditus
1116 1317 1246 1398 tolleret,
1276 1337 1398 1400 operam
1427 1319 1541 1398 putauit
1569 1319 1694 1384 dandam
1724 1338 1792 1384 esse
1822 1322 1927 1386 studiis
1956 1323 2100 1406 physicis.

353 1436 479 1500 Addixit
507 1453 541 1498 se
562 1433 749 1506 Democrito,
779 1431 833 1494 sed
863 1439 977 1494 atomos
1006 1437 1037 1492 ct
1066 1431 1192 1510 spatium
1221 1431 1309 1494 inane
1338 1438 1488 1492 mutuatus
1518 1433 1736 1509 necessitatem,
1766 1452 1855 1514 quam
1884 1435 1934 1497 illa
1964 1444 2102 1518 tanquam

300 1565 304 1568 ·
353 1555 510 1610 aeternum
532 1551 673 1626 posuerat
696 1542 836 1604 movendi
860 1541 1046 1621 principium,
1069 1538 1232 1623 reiectt2),
1253 1542 1318 1622 ipso
1333 1539 1442 1602 nullam
1458 1549 1582 1606 naturae
1596 1560 1731 1606 caussam
1745 1547 1935 1626 praeposuit,
1957 1547 2010 1610 sed
2025 1546 2101 1612 lecta

353 1677 422 1720 esse
451 1666 482 1720 et
509 1656 575 1718 lieri
596 1651 694 1718 omnia
723 1654 797 1716 dixit
826 1663 952 1716 naturae
970 1651 1100 1714 motibus
1122 1653 1219 1714 caecis
1249 1663 1279 1716 et
1299 1652 1384 1734 quasi
1405 1651 1597 1728 uoluntariis;
1628 1671 1705 1734 quos
1726 1663 1825 1718 motus
1846 1675 1887 1718 err
1910 1659 2100 1722 animantium

352 1768 513 1850 praecipue
544 1775 668 1829 naturae
695 1763 817 1828 libidine
837 1763 956 1828 videtur
986 1761 1146 1824 deduxisse
1164 1761 1208 1846 3).
1251 1763 1300 1826 hd
1328 1763 1498 1827 huiusmodi
1526 1763 1632 1842 placitu
1657 1766 1790 1845 Epicuri,
1821 1768 1847 1830 si
1875 1787 1998 1849 quaero,
2029 1789 2100 1834 num

353 1880 416 1959 ipsa
431 1877 657 1960 philosophandi
685 1877 781 1954 ratio,
819 1893 895 1955 quoe
922 1874 974 1936 illo
1003 1883 1138 1954 tempore
1165 1875 1303 1958 uigebat,
1342 1874 1483 1938 conlerre
1512 1875 1620 1954 aliquid
1652 1880 1798 1957 potuerit,
1837 1881 1949 1944 nullam
1979 1883 2100 1945 invenio

353 1990 521 2054 doctrinam
542 1989 636 2072 magis
657 1988 715 2051 illis
737 1987 830 2050 luisse
850 1985 1100 2050 accommodatam
1115 2003 1203 2064 quant
1218 1985 1452 2048 Aristotelicas.
1483 1987 1664 2066 Quamquam
1685 1989 1755 2052 nolo
1771 1989 1918 2056 affirmare
1939 1993 2101 2072 Epicurum

303 2174 307 2183 ¹
352 2099 465 2164 acriori
491 2111 590 2164 mente
615 2101 646 2163 in
672 2099 832 2180 stagiritae
857 2097 1072 2178 philosophiam
1097 2096 1301 2176 inquisivisse3
1328 2104 1365 2171 nt
1396 2096 1452 2159 nisi
1479 2114 1603 2176 prorsus
1630 2097 1667 2160 ad
1692 2100 1790 2162 omnia
1815 2115 1923 2164 caecus
1949 2102 2014 2181 tuit,
2041 2121 2101 2166 non

351 2214 447 2294 potuit
475 2214 618 2296 ignorare
643 2213 731 2274 huius
758 2225 835 2274 nova
860 2207 1004 2290 quaedum
1034 2206 1072 2268 de
1101 2206 1158 2268 deo
1184 2207 1291 2286 placita
1317 2225 1484 2288 nouemque
1509 2207 1658 2271 rationem
1684 2209 1859 2288 explorandi
1888 2228 1937 2272 res
1965 2223 2100 2274 naturae.

351 2322 533 2387 Aristoteles
562 2331 660 2386 autem
689 2320 775 2382 lacile
801 2319 958 2381 videbatur
986 2317 1051 2397 ipse
1080 2317 1167 2380 deum
1197 2317 1295 2378 omnia
1324 2317 1407 2380 illum
1436 2317 1532 2396 primo
1564 2327 1733 2382 runcantem
1763 2320 1919 2402 ipsumque
1948 2321 2101 2386 immotum

352 2453 392 2497 ex
421 2433 531 2496 mundo
561 2433 693 2498 funditus
722 2432 850 2494 eiecisse
879 2437 910 2491 et
939 2431 967 2491 in
997 2429 1126 2493 extimos
1155 2429 1256 2492 coelos
1285 2430 1371 2508 quasi
1399 2428 1561 2511 relegasset,
1593 2430 1644 2492 ubi
1673 2431 1754 2494 nullo
1785 2434 1908 2513 negotio
1938 2434 2102 2498 obstrictus

351 2543 415 2607 sola
445 2543 597 2626 perlectae
625 2543 719 2624 ipsius
749 2550 873 2604 naturae
901 2539 1150 2618 contemplatione
1178 2539 1325 2634 gauderet
1338 2535 1385 2620 4)
1429 2539 1570 2620 idemque
1599 2541 1630 2602 in
1659 2542 1750 2604 rebus
1773 2542 1909 2624 siugulis,
1940 2561 2016 2624 qnae
2044 2543 2100 2608 sub

352 2655 438 2719 eoelo
466 2655 552 2732 liunt,
581 2653 766 2734 explicandis
795 2651 882 2714 iacile
911 2649 1067 2714 uidebatur
1097 2658 1220 2713 naturae
1250 2650 1363 2712 caussis
1385 2652 1493 2728 omnia,
1524 2651 1595 2712 nibil
1625 2654 1716 2714 menti
1746 2652 1864 2716 diuinae
1893 2655 2039 2720 tribuisse
2056 2656 2100 2739 ⁵).

351 2766 596 2848 Reprehenderat
624 2764 674 2828 iile
703 2765 841 2830 severius
869 2762 1010 2843 physicos
1032 2761 1216 2840 antiquiores
1238 2771 1268 2824 et
1299 2761 1420 2842 saepius
1441 2761 1561 2844 quidem
1583 2761 1805 2842 Empedoclem,
1835 2765 1915 2846 quod
1937 2766 1973 2830 od
2001 2785 2101 2830 casum

351 2886 383 2940 et
410 2875 560 2938 fortunam
589 2876 698 2976 primas
728 2892 830 2937 rerum
860 2889 981 2936 caussas
1011 2871 1213 2935 rettulissent:
1248 2875 1387 2953 quoniam
1419 2893 1467 2938 res
1498 2875 1527 2936 in
1558 2874 1668 2936 mundo
1698 2893 1817 2955 sempor
1848 2876 1895 2938 uel
1925 2877 2101 2957 plerumque

352 2989 459 3052 fierent
489 2988 594 3051 ordine
622 2989 748 3066 eodem,
785 2985 929 3064 consequi
960 2985 1077 3048 dixerat
1106 2995 1239 3048 naturam
1269 3002 1362 3066 agere
1391 2985 1427 3046 ad
1461 2994 1575 3048 certum
1612 2986 1699 3050 finem
1730 2996 1758 3050 et
1788 2988 1935 3050 rationem
1959 2987 2010 3070 ⁶);
2047 2985 2100 3048 sed

352 3099 433 3162 idem
453 3117 521 3160 cum
542 3098 687 3162 noluisset
711 3107 845 3160 naturam
873 3096 903 3156 iu
933 3095 1024 3158 rebus
1044 3095 1205 3177 gignendis
1227 3113 1294 3158 esse
1315 3096 1557 3177 ratiocinantem,
1585 3097 1769 3162 iudicaverat
1799 3098 1879 3162 illam
1902 3098 1950 3160 sui
1978 3098 2100 3160 inscium

352 3211 425 3273 artis
458 3209 552 3270 instar
581 3209 697 3292 fingere
733 3208 830 3270 omnia
859 3213 890 3268 et
925 3224 1098 3286 procreare.
1142 3206 1230 3286 Phys.
1259 3205 1286 3270 ll
1320 3207 1371 3268 12:
1408 3196 1539 3268 Ἄτοπον
1570 3206 1602 3270 δὲ
1633 3206 1688 3270 καὶ
1717 3209 1752 3270 τό
1781 3208 1825 3287 μή
1858 3204 1982 3268 οἴεσθαι
2013 3203 2101 3268 ἕνεκά

351 3343 407 3382 του
435 3317 612 3400 γίγνεσθαι,
644 3318 697 3380 ἐὰν
725 3318 769 3398 μή
801 3313 895 3378 item
926 3315 962 3402 τᾷ
993 3317 1095 3378 κινοῦν
1130 3313 1384 3394 βουλευσάμενον.
1429 3316 1548 3380 Καίτοι
1584 3315 1640 3381 κατ’
1670 3315 1688 3399 ἦ
1724 3315 1814 3397 τέχνη
1846 3313 1883 3378 οὐ
1911 3316 2100 3395 βουλεύεται.

351 3431 527 3494 Huiusmodi
556 3431 662 3510 placita
691 3428 861 3494 hristoretis
897 3429 948 3510 qni
977 3431 1080 3510 primis
1109 3429 1202 3490 labris
1230 3437 1397 3511 gustasset,
1435 3447 1503 3492 eum
1539 3429 1625 3494 focile
1654 3430 1690 3494 ed
1727 3431 1869 3493 materiae
1903 3429 2101 3509 principatum
2137 3485 2139 3488 .

351 3543 509 3622 solamque
530 3543 590 3604 vim
619 3551 744 3604 naturae
772 3527 953 3604 ellerendam
976 3541 1076 3603 induci
1098 3540 1240 3619 potuisse,
1264 3539 1460 3620 Theophrasti
1479 3539 1529 3604 ille
1550 3541 1712 3621 discipulus
1737 3540 1874 3622 probavit
1891 3538 1991 3602 Strato
2010 3539 2102 3604 Lam-

353 3669 511 3734 psacenos,
541 3671 630 3733 quem
650 3670 741 3734 sopra
762 3650 824 3714 dixi
851 3651 943 3714 multo
972 3669 1040 3714 cum
1061 3650 1192 3731 Epicuro
1221 3649 1359 3716 habuisse
1388 3653 1567 3715 communia.
1611 3653 1665 3716 lile
1694 3671 1762 3715 cum
1788 3652 1817 3716 in
1847 3648 1912 3713 aliis
1941 3652 2033 3714 rebus
2062 3652 2101 3714 ult

354 3761 486 3844 Epicuro
515 3767 710 3828 vehementer
739 3761 924 3842 dissentiret,
953 3771 986 3826 ut
1015 3760 1063 3824 uel
1092 3761 1187 3842 palam
1215 3763 1334 3844 scriptis
1362 3781 1430 3826 eum
1460 3766 1661 3846 impugnaret,
1689 3763 1746 3826 huc
1775 3772 1873 3825 tamen
1903 3781 1937 3826 re
1966 3781 2035 3825 cum
2064 3779 2101 3826 en

355 3875 549 3954 conspirauit,
579 3874 658 3956 quod
688 3851 769 3936 nulla
798 3883 898 3937 niente
927 3872 1026 3936 diuina
1056 3871 1194 3954 nullaque
1222 3871 1352 3938 Deorum
1383 3893 1474 3956 opera
1503 3892 1579 3956 opus
1608 3891 1678 3936 esse
1707 3872 1744 3936 ad
1775 3871 1979 3938 fabricandum
2008 3890 2099 3938 mun-

354 3985 425 4048 dum
455 3986 591 4065 opinatus
622 3994 677 4048 est.
721 3983 784 4046 Nec
814 3985 909 4050 minus
939 3984 1092 4046 consensit
1121 4001 1189 4046 eum
1218 3983 1367 4065 Epicuro,
1402 3986 1481 4068 quod
1512 3985 1653 4050 mundum
1689 3985 1867 4050 animantem
1897 4004 1966 4050 esse
1994 3984 2099 4047 noluit.

352 4095 488 4176 Denique
517 4095 639 4176 utrique
667 4094 843 4174 philosopho
864 4096 960 4158 uisum
982 4103 1029 4160 est
1059 4095 1160 4160 mundi
1180 4096 1315 4159 ordinem
1344 4115 1415 4175 non,
1446 4107 1479 4160 ut
1499 4095 1679 4162 Aristoteles
1700 4096 1889 4176 decreuerat,
1918 4115 1955 4159 ex
1978 4103 2101 4158 aeterno

355 4213 490 4286 tempore
518 4225 587 4270 esse
609 4205 812 4284 constitutum,
842 4205 896 4270 sed
925 4205 1083 4286 aliquando
1105 4206 1254 4286 incepisse
1274 4217 1305 4272 et
1333 4227 1372 4272 ex
1401 4218 1479 4274 statu
1503 4209 1640 4290 quodam,
1668 4208 1700 4270 in
1727 4225 1787 4289 quo
1817 4225 1904 4270 cesus
1933 4211 2102 4288 regnasset,

474 4433 497 4498 ¹)
512 4435 589 4498 Ding.
600 4435 630 4484 L.
643 4435 669 4484 X
683 4433 745 4485 136.
760 4433 822 4486 139.
845 4432 900 4484 Cic.
921 4436 951 4484 de
972 4434 1014 4482 lin.
1035 4434 1049 4482 Ι
1072 4435 1114 4485 tt.
1136 4459 1172 4470 ·-
1191 4431 1215 4498 ²)
1236 4435 1312 4500 Diog.
1324 4437 1355 4486 L.
1365 4437 1391 4486 X
1412 4435 1457 4488 90.
1480 4459 1516 4470 -
1537 4433 1560 4494 ³)
1582 4435 1622 4483 De
1632 4434 1682 4484 hee
1694 4447 1721 4484 re
1730 4434 1834 4484 uberius
1845 4431 1968 4500 disputati
1981 4429 2007 4478 in
2018 4428 2102 4490 Quae·

470 4524 594 4574 sticnibns
613 4524 780 4586 Lucretianis,
801 4539 863 4587 quoa
884 4524 948 4572 edidi
969 4523 1074 4572 Bonane
1098 4518 1168 4574 1847
1190 4540 1215 4589 p.
1237 4523 1282 4574 28.
1305 4550 1340 4558 -
1360 4521 1384 4588 i)
1404 4526 1485 4576 Arist.
1506 4527 1537 4573 de
1558 4525 1629 4574 coelo
1649 4523 1677 4573 11
1701 4523 1749 4573 12:
1770 4525 1805 4589 aqi
1826 4519 1890 4576 ner
1910 4517 1991 4585 ιῖριςα
2011 4515 2099 4582 ἔχοντι

471 4609 555 4663 οὐθὲν
576 4607 622 4661 dei
641 4609 771 4679 πράξεως.
812 4611 904 4662 Zeller.
926 4613 943 4660 l.
964 4613 982 4660 l.
1003 4612 1031 4662 ll
1052 4607 1116 4663 436.
1137 4607 1202 4666 440.
1242 4615 1360 4666 Brundis.
1387 4617 1405 4664 l.
1433 4617 1450 4665 l.
1472 4609 1592 4666 111574
1619 4630 1672 4678 sqq.
1713 4615 1820 4664 Divinae
1846 4609 1959 4660 felicitati
1986 4608 2103 4670 congruit

471 4701 597 4762 lrnrnaua,
626 4717 683 4750 eum
702 4703 786 4766 posite
806 4702 838 4749 sit
857 4702 883 4752 in
902 4702 993 4750 mentis
1012 4704 1237 4767 contemplatione,
1267 4717 1331 4767 quae
1359 4719 1386 4754 ee
1412 4706 1467 4769 ipsa
1494 4711 1531 4754 est
1551 4711 1678 4754 contenta.
1718 4703 1800 4754 Arist.
1821 4699 1883 4776 Etb.
1903 4697 1959 4748 Nic.
1979 4695 2052 4747 le.
2073 4696 2100 4749 8.

472 4789 674 4850 similitudinem,
694 4805 760 4854 quae
780 4790 892 4854 Epicuro
912 4799 951 4840 est
970 4806 1028 4841 cum
1043 4791 1190 4852 Aristotele,
1209 4793 1290 4856 tangit
1308 4793 1401 4844 Zellar.
1421 4795 1438 4844 l.
1460 4795 1477 4843 l.
1499 4793 1541 4842 111
1563 4793 1626 4844 276.
1651 4817 1684 4826 -
1707 4791 1730 4855 b)
1751 4790 1844 4840 Zeller.
1865 4781 1968 4840 11455
1990 4803 2044 4852 sqq.
2067 4811 2102 4822 -

472 4870 496 4940 ⁶)
523 4879 604 4942 Phys.
623 4877 653 4928 11
672 4876 704 4929 d:
741 4875 888 4928 Ἀδύνατον
908 4874 938 4930 di
959 4883 1038 4930 ταῦτα
1064 4880 1155 4931 τοῦτον
1175 4879 1247 4946 ἔχειν
1273 4881 1321 4931 τόν
1340 4881 1455 4949 τρόπον·
1494 4885 1574 4931 ταῦτα
1592 4880 1646 4949 μὲν
1665 4881 1719 4948 ycip
1745 4880 1790 4928 καὶ
1811 4874 1900 4928 πάντα
1926 4878 1957 4926 tri
1978 4876 2060 4944 φύσει
2086 4867 2102 4933 ἢ

473 4965 515 5018 αἐὶ
543 4964 612 5018 οὕτω
639 4971 740 5036 γίνεται
761 4963 776 5030 ἢ
797 4965 833 5024 ὥς
859 4967 905 5019 ἐπὶ
933 4971 961 5020 rd
982 4965 1060 5021 πολύ·
1098 4973 1151 5020 τῶν
1178 4966 1260 5020 d'rt'rrd
1288 4968 1366 5036 τύχας
1393 4974 1435 5022 καὶ
1463 4975 1507 5021 τοῦ
1528 4967 1679 5039 αὐτομάτου
1700 4965 1787 5020 oddr‘r.
