4780 5634
482 643 597 710 lindam
623 644 779 710 doetrinae
806 643 884 708 ratio
913 643 1049 710 cernitur
1077 643 1111 710 ia
1135 661 1182 718 aa,
1210 657 1288 724 quae
1316 643 1464 726 sequitur,
1491 645 1694 728 disputsliune
1722 669 1752 711 ι.
1784 649 1967 718 tuo-tlt.
2009 654 2101 724 cuius

356 754 476 835 quidem
505 755 578 820 deas
606 763 707 835 partas
731 745 920 837 d'uticqusra
947 753 1033 833 dcet,
1056 763 1183 834 quarum
1205 752 1300 822 utera
1324 754 1505 836 usmndiur,
1524 775 1609 840 quae
1632 759 1792 841 utriunque
1816 765 1909 844 partis
1930 773 1963 830 et
1987 767 2102 832 animae

356 875 387 932 at
408 866 516 932 nautis
537 866 577 932 sit
596 875 703 932 natura
718 874 749 930 et
769 864 920 947 quomoda
934 864 1012 930 duae
1032 864 1101 930 illae
1122 873 1225 946 parles
1244 865 1324 931 inter
1336 879 1371 938 ιο
1393 866 1453 934 sint
1474 868 1583 934 aululae
1596 875 1628 934 et
1640 878 1800 936 contextae
1820 873 1873 957 (ι.
1890 873 2101 962 tao-mum

331 976 459 1057 'altere
487 995 567 1057 quae
588 977 767 1042 commixtae
793 975 875 1044 illias
904 975 1090 1042 maturuerit
1116 977 1827 1068 concorporaccuiucctic(umas-41⁷}
1871 983 1965 1052 Simili
1985 989 2102 1054 ratione

354 1087 429 1154 tuac
455 1096 630 1172 uqumanta
658 1088 756 1169 ipsura
785 1094 929 1154 traceseo
958 1087 1136 1168 magistrum
1162 1087 1343 1169 expanuis,
1370 1107 1445 1170 quea
1469 1089 1623 1174 Diogenes
1636 1091 1773 1158 Laertius
1797 1095 1942 1173 servarit,
1961 1097 2102 1178 Epicurei

354 1199 456 1280 operis
483 1199 618 1281 reliqniis
646 1199 769 1264 candui,
784 1206 883 1280 petest
910 1196 983 1281 (lib.
1012 1198 1043 1258 ll
1071 1194 1241 1281 63-66);
1269 1199 1300 1263 in
1328 1202 1437 1282 quibus
1465 1217 1542 1283 quae
1569 1205 1706 1270 ssoticoe
1726 1204 1768 1268 63
1790 1206 1982 1274 conduectur
2002 1214 2099 1274 naio-

353 1329 419 1376 ran
440 1320 557 1392 partam
577 1318 715 1398 spectant
734 1309 772 1374 ad
793 1309 1022 1392 disputationem
1044 1309 1186 1390 priorem,
1204 1327 1281 1390 quae
1302 1311 1538 1393 subsequuntur,
1559 1314 1600 1377 ad
1621 1323 1736 1395 partem
1758 1317 1967 1396 posteriorem.
2008 1319 2100 1384 Utra-

353 1441 413 1504 que
441 1429 540 1486 autem
561 1422 738 1486 Lucretiana
766 1421 926 1504 disputatio
952 1422 993 1486 ita
1020 1428 1067 1486 eat
1088 1431 1276 1500 comparatu,
1307 1428 1340 1484 ut
1362 1441 1401 1486 ex
1430 1423 1529 1488 tribus
1548 1433 1676 1490 naturae
1696 1435 1819 1492 nostrae
1839 1429 1996 1510 partious,
2023 1449 2100 1512 quse

353 1533 503 1598 mansino
524 1532 646 1598 vinculo
668 1532 747 1598 inter
767 1547 802 1596 se
824 1531 982 1616 colligatae
1004 1540 1092 1612 alque
1113 1531 1278 1612 implicatae
1300 1547 1411 1613 corpus
1432 1533 1565 1600 efficiunt
1585 1553 1678 1600 unum
1699 1553 1735 1600 ac
1756 1547 1863 1616 totum,
1884 1557 1968 1602 meus
1988 1540 2099 1604 adern-

353 1652 403 1711 tur
424 1654 564 1726 tanquam
584 1645 725 1725 princepe
745 1661 815 1724 pars
837 1651 869 1708 et
884 1644 999 1708 animae
1019 1643 1216 1724 corporisque
1236 1642 1365 1706 domina.
1394 1644 1476 1720 Quae
1496 1649 1645 1712 sententia
1662 1665 1731 1712 cum
1751 1648 1783 1710 in
1803 1649 1887 1712 initio
1905 1661 2099 1732 argumenta-

353 1755 441 1820 tionis
462 1755 561 1836 posita
589 1755 620 1818 in
641 1753 701 1818 fine
724 1760 888 1835 repetatur,
917 1755 949 1818 in
971 1773 1007 1818 ea
1033 1754 1153 1837 singula
1174 1761 1351 1838 argumenta
1373 1755 1457 1822 coire
1484 1732 1516 1821 et
1542 1759 1627 1838 quasi
1654 1761 1686 1824 in
1714 1777 1806 1824 unum
1834 1758 1936 1842 colligi
1965 1772 2117 1842 appareu·

353 1865 455 1948 ltaque
473 1865 632 1931 Lueretius
652 1865 812 1930 exordium
832 1863 903 1928 lacit
922 1864 968 1928 ltis
990 1865 1128 1928 versibus
1143 1864 1192 1945 1);
1267 1859 1269 1864 ’

738 1976 825 2041 Νοοι
847 1975 976 2040 animum
998 1983 1087 2056 atque
1108 1977 1234 2040 animam
1256 1975 1323 2042 dioc
1346 1978 1505 2044 coniuncte
1527 1981 1625 2044 teneri

689 2139 691 2146 ,
737 2089 818 2154 inter
839 2105 874 2152 sa
895 2095 983 2168 atque
1004 2105 1093 2150 unam
1114 2096 1250 2151 naturum
1271 2089 1422 2154 conficere
1442 2108 1484 2154 ex
1505 2107 1551 2168 se,

740 2199 795 2264 aed
817 2207 907 2280 caput
926 2215 996 2262 esse
1016 2198 1101 2279 quasi
1123 2206 1154 2262 et
1175 2199 1321 2264 dominari
1343 2200 1373 2262 in
1396 2217 1527 2281 corpure
1548 2209 1612 2265 toto

480 2385 482 2397 Ι
740 2310 913 2388 consilium,
934 2309 1015 2390 quod
1037 2327 1093 2372 nus
1114 2310 1243 2374 animum
1266 2318 1456 2392 mentemque
1477 2329 1630 2376 vocamus.

352 2422 459 2488 ttaum
480 2422 583 2488 sedam
603 2421 635 2484 iu
656 2429 781 2502 pectore
802 2421 946 2499 collocat,
967 2421 1094 2484 animum
1115 2423 1206 2485 menti
1224 2429 1335 2502 perere
1356 2439 1451 2504 euque
1473 2424 1589 2487 moveri
1611 2423 1683 2488 dicit
1698 2423 1751 2508 ²):

739 2540 842 2596 cetera
863 2549 933 2614 pars
955 2532 1077 2596 animae.
1092 2549 1146 2612 per
1167 2541 1261 2597 tntum
1285 2533 1388 2598 dissita
1409 2552 1520 2616 corpus

737 2651 822 2724 paret
843 2651 874 2707 at
895 2643 933 2706 ad
954 2661 1065 2706 numen
1087 2645 1194 2708 mentis
1215 2663 1394 2728 momenque
1415 2654 1563 2710 movetur.

351 2757 466 2822 llaiude
491 2731 603 2837 repetit
629 2754 678 2835 id,
699 2754 780 2835 quod
801 2763 889 2820 antee
908 2753 1022 2833 attulit,
1045 2765 1173 2820 mentem
1193 2755 1287 2821 sclam
1308 2775 1364 2838 per
1385 2775 1419 2822 se
1440 2757 1497 2822 sibi
1519 2773 1625 2836 sapere
1654 2763 1685 2820 et
1707 2757 1816 2822 laetitia
1838 2757 1916 2824 allici
1938 2777 2027 2840 posse
2046 2761 2092 2842 ³J:

738 2863 827 2946 idque
849 2863 907 2928 sibi
927 2865 1025 2928 aulum
1049 2883 1103 2946 per
1124 2883 1158 2928 se
1179 2867 1270 2948 sapit:
1293 2867 1323 2931 id
1344 2868 1400 2932 sibi
1423 2867 1554 2950 gaudet,

736 2993 805 3041 eum
828 2993 925 3057 nequa
946 2993 997 3040 reu
1016 2977 1142 3040 animem
1165 2997 1262 3060 neque
1284 2996 1396 3059 corpus
1418 2987 1588 3043 commovet
1609 2997 1679 3046 une.

351 3090 407 3154 libi
428 3107 502 3154 uero
523 3106 608 3152 mans
630 3088 823 3152 vehementer
851 3098 1091 3168 commoveatur,
1118 3096 1209 3154 totam
1238 3090 1364 3157 enimam
1392 3093 1509 3172 percuti
1536 3089 1690 3172 elipeum
1719 3089 1827 3154 deinde
1856 3107 1967 3171 corpus
1995 3091 2036 3153 ici
2064 3098 2095 3152 st

350 3201 478 3283 propelli
488 3197 536 3285 l).
579 3199 664 3264 Unda
685 3198 830 3280 consequi
849 3198 914 3262 uult
935 3200 1043 3266 mentis
1064 3209 1096 3265 at
1116 3201 1231 3264 animae
1252 3209 1388 3266 naturam
1410 3219 1479 3266 esse
1500 3219 1696 3284 corpoream:
1719 3202 1800 3283 quad
1820 3201 1900 3264 enirn
1922 3209 2023 3286 tangat
2045 3212 2097 3266 ant

348 3320 504 3396 tanqam,
535 3309 566 3375 id
587 3311 761 3376 necessario
782 3327 893 3390 corpus
915 3326 985 3372 essa
1006 3308 1049 3394 ⁵).
1092 3311 1207 3374 Deinde
1235 3309 1457 3394 transgreditur
1478 3329 1535 3390 eo,
1567 3321 1600 3376 ut
1629 3319 1928 3392 utramquepartem
1956 3322 2094 3376 constare

348 3419 485 3488 unarum
506 3421 693 3504 corpusculis
714 3420 874 3486 levissimis
895 3420 1068 3502 eisdemque
1089 3421 1256 3504 dispardtus
1278 3423 1331 3486 sad
1344 3403 1394 3488 'ita
1416 3423 1516 3488 mixtis
1538 3423 1618 3486 inter
1639 3439 1673 3486 sa
1695 3430 1726 3486 et
1748 3423 1938 3505 temperatis,
1966 3432 2001 3486 ut
2024 3424 2094 3487 uni·

347 3553 414 3600 urae
435 3544 465 3598 et
486 3533 595 3598 mentis
615 3539 721 3596 natura
743 3530 849 3594 euadat
869 3547 943 3609 urna,
976 3531 1065 3596 cuius
1085 3541 1183 3596 tumen
1204 3532 1298 3598 ultera
1321 3551 1388 3614 pars
1416 3534 1516 3614 potior
1537 3533 1632 3597 subait
1659 3533 1744 3598 altari
1773 3542 1912 3614 tunquam
1943 3533 2093 3596 sentiendi

347 3645 525 3728 principium
546 3645 685 3725 aitneqna
706 3641 980 3726 tundamentum).
1015 3644 1116 3724 Atque
1137 3645 1167 3708 in
1188 3643 1243 3708 lrac
1260 3661 1381 3725 quoque
1402 3647 1660 3727 armrmentalinue
1682 3645 1804 3726 primum
1827 3664 1862 3708 ec
1885 3646 2093 3746 gravissimam

345 3759 492 3824 mucrona
512 3755 738 3838 petitamentis
760 3763 877 3832 natura,
899 3754 985 3818 cuius
1007 3754 1169 3838 agilitatem
1190 3763 1221 3818 at
1242 3755 1393 3837 cogitandi
1415 3756 1599 3822 celeritatem
1621 3757 1754 3820 declaret
1775 3775 1843 3820 asse
1865 3757 2022 3821 maximam
2036 3755 2086 3839 ⁷J:

732 3865 774 3932 nil
796 3865 870 3930 adeo
892 3865 958 3930 lieri
979 3865 1072 3932 celari
1095 3867 1211 3930 ratione
1232 3865 1364 3946 videtur,

732 3995 821 4060 quum
841 3977 900 4042 sibi
920 3995 1004 4040 mens
1026 3976 1093 4042 lieri
1113 3979 1251 4059 proponit
1272 3985 1304 4040 et
1325 3975 1446 4040 inchoat
1466 3977 1541 4058 ipse.

463 4176 485 4241 ¹)
504 4177 548 4228 111
571 4167 709 4227 too-du.
730 4199 765 4210 -
786 4171 810 4236 ²)
829 4189 854 4224 ι.
878 4166 939 4223 143.
960 4166 1006 4224 lt.
1028 4196 1064 4207 -
1085 4167 1108 4232 8)
1129 4187 1152 4222 v.
1177 4167 1237 4223 145.
1262 4169 1324 4224 146.
1352 4172 1393 4226 Cl.
1413 4189 1437 4224 ι.
1461 4173 1600 4227 tte-1⁷.
1627 4175 1704 4238 Dieg.
1714 4174 1745 4226 1..
1765 4173 1791 4223 X
1812 4169 1875 4232 θοι,
1893 4169 1922 4220 ιο
1944 4165 1974 4220 δὲ
1995 4167 2092 4220 λοιπον

460 4262 601 4335 ἄθροισμα
626 4257 839 4332 παρασκευάσαν
857 4263 905 4326 τὴν
923 4261 1012 4312 αἰτίαν
1031 4259 1126 4323 ταύτην
1149 4259 1291 4328 μετείληφε
1311 4263 1356 4310 καὶ
1377 4258 1441 4314 atiud
1467 4259 1589 4312 ιοιούιοο
1609 4260 1808 4331 συμπτώματος
1828 4257 1894 4325 παρ’
1915 4257 2031 4320 ἐκείνης,
2060 4253 2092 4306 ud

457 4357 552 4424 μέντοι
570 4351 681 4406 πάντων
700 4339 739 4402 ὧν
758 4351 845 4415 ἐκείνη
865 4353 990 4414 νένιηιοι.
1017 4351 1100 4430 ¹Quane
1119 4351 1204 4400 locum
1222 4349 1332 4400 dilucide
1351 4351 1530 4414 iuterpretatur
1550 4351 1698 4402 (lassandus
1718 4349 1787 4414 Opp.
1805 4355 1866 4397 tom.
1888 4345 2006 4398 113302
2029 4343 2091 4395 Cor·

457 4459 506 4510 pne
524 4453 616 4508 murm,
635 4459 693 4494 enm
710 4441 750 4494 illl
769 4449 887 4507 praestet,
907 4450 935 4491 ιιι
954 4441 1022 4491 hauc
1044 4440 1167 4492 sentiendi
1185 4453 1303 4490 οειιειιειι
1322 4439 1458 4505 possideat,
1476 4437 1585 4489 slfiutur
1599 4439 1701 4504 quidem
1720 4446 1746 4488 at
1763 4439 1848 4502 ipsum
1860 4435 1966 4486 effectur
1984 4435 2090 4485 huiusce

458 4533 492 4584 ab
510 4534 557 4584 ille
574 4533 732 4599 procedentis
750 4532 877 4596 parricms
896 4527 986 4592 (nautii
1005 4527 1129 4596 quippe),
1153 4535 1182 4580 at
1199 4541 1252 4586 npn
1269 4538 1355 4580 aeman
1373 4529 1500 4592 omniurn,
1525 4543 1591 4593 qaas
1609 4543 1641 4578 aa
1660 4529 1797 4594 mandene
1839 4525 1881 4580 cl.
1900 4523 1977 4589 Πίος.
1998 4525 2028 4574 L.
2049 4524 2088 4573 od.

457 4623 588 4675 Enebner.
612 4623 697 4676 ιοιιοι
716 4621 905 4674 ΔΙᾱοοιιιιοὶιι.
933 4643 967 4658 -
993 4611 1017 4682 ⁴)
1044 4633 1069 4670 ι.
1092 4615 1223 4671 tol-61
1248 4619 1408 4683 praeclarum
1434 4619 1549 4669 eiusdem
1572 4619 1608 4668 rui
1628 4623 1803 4682 srpumunuuru
1823 4623 1893 4666 extet
1917 4615 1944 4664 iu
1962 4613 2028 4665 libro
2050 4611 2089 4662 1v

399 4749 406 4763 .
458 4707 621 4766 880-904.
651 4737 688 4752 ·-
718 4711 742 4778 θ)
770 4727 794 4764 ι,
818 4710 958 4762 tot-77.
989 4733 1027 4746 -
1054 4701 1079 4772 ο)
1106 4725 1130 4760 r.
1149 4707 1403 4762 utu-aoe-uee.
1443 4707 1551 4771 Singula
1576 4708 1730 4758 Lucretiana
1755 4711 1904 4768 argumenta
1929 4704 1962 4752 ad
1981 4702 2086 4768 Epicuri

458 4811 567 4853 mentem
586 4815 708 4867 upum}
728 4809 795 4852 ami.
822 4801 900 4864 Duum
915 4800 948 4850 Iu.
967 4799 995 4850 X
1014 4796 1066 4850 63:
1106 4801 1182 4850 τοῦτο
1201 4794 1233 4850 δὲ
1253 4801 1311 4848 πᾶν
1329 4797 1358 4848 ml
1378 4793 1511 4864 δυνάμεις
1531 4801 1574 4858 τῆς
1594 4797 1680 4862 ψυχῆς
1699 4792 1809 4857 δηλοῦσι
1829 4793 1873 4842 καὶ
1894 4789 1927 4842 rai
1945 4787 2023 4852 ardep
2043 4791 2088 4840 καὶ

458 4892 487 4942 cl
506 4891 655 4954 εὐκινησίαι
667 4891 713 4940 atari
729 4889 759 4942 nl
771 4887 937 4952 διανοήσεις,
958 4889 1004 4938 arei
1024 4873 1064 4938 ὧν
1084 4886 1259 4956 στερούμενοι
1277 4884 1439 4955 θνὴςεομιν.
1460 4887 1505 4936 reni
1523 4887 1580 4953 μᾶν
1599 4888 1643 4936 καὶ
1664 4881 1705 4934 ὅτι
1723 4883 1780 4950 ἔχει
1800 4882 1814 4944 ἡ
1836 4881 1905 4948 ψυχὴ
1926 4884 1969 4943 τῆς
1989 4875 2087 4938 cludp'·

459 4995 528 5038 οεως
547 4983 594 5044 τήν
612 4981 721 5044 πὶιΙιην
741 4981 829 5032 utatur
849 4975 898 5030 δεῖ
914 4982 1047 5045 ulmineae.
1068 5003 1105 5016 -
1126 4975 1150 5040 ⁷)
1169 4993 1193 5026 n.
1219 4975 1357 5028 182-86.
