4780 5634
1059 487 1272 549 ...15-

293 695 485 780 imperfecto*
500 691 638 776 prodisse
649 691 692 775 ¹).
738 690 800 753 llec
829 704 904 751 aero
925 687 1025 750 Strato
1053 685 1141 766 plane
1168 683 1205 746 ab
1226 681 1398 746 Aristotelis
1423 681 1524 746 schola
1554 679 1672 744 defecit.
1718 681 1791 744 llam
1820 689 1887 763 post
1916 681 2037 746 fortuita

292 809 397 876 mundi
424 806 508 872 initia
536 823 636 868 casum
666 819 796 884 regnare
825 799 935 874 noluit;
972 800 1032 860 imo
1062 799 1122 861 vim
1157 795 1261 858 tribuit
1289 810 1406 859 omnem
1435 795 1577 872 naturae,
1614 811 1690 874 quae
1719 793 1869 874 paullatim
1898 805 1938 858 ex
1967 811 2036 858 casu

292 923 324 986 in
352 921 436 984 hunc
463 925 569 981 statum
598 925 788 996 transgressa
815 913 933 993 iamque
961 910 1024 974 suis
1051 905 1167 971 viribus
1194 905 1279 987 quasi
1307 913 1446 969 contenta
1471 921 1575 968 omnes
1604 921 1724 968 caussas
1752 905 1878 970 haberet
1906 905 2039 988 tingendi

295 1044 328 1099 et
356 1029 475 1095 vivendi
496 1025 541 1111 2).
585 1025 653 1088 Non
682 1025 747 1087 iere
776 1023 862 1086 aliter
890 1023 928 1086 da
957 1031 1062 1085 natura
1090 1019 1233 1102 cogitarit
1260 1017 1420 1099 Epicurus.
1463 1015 1517 1079 llic
1550 1023 1583 1079 ut
1611 1015 1720 1081 dixerit
1751 1017 1781 1079 iu
1811 1017 1908 1098 prirno
1937 1035 2040 1080 rerum

297 1153 365 1210 ortu
394 1141 431 1203 ad
461 1157 563 1202 casum
593 1147 624 1200 ct
652 1135 801 1199 lortunam
831 1135 930 1197 omnia
957 1133 1120 1210 cecidisse,
1153 1131 1183 1192 iu
1212 1129 1324 1192 mundo
1359 1139 1456 1193 tamen
1486 1129 1648 1192 constituto
1677 1129 1776 1190 omnia
1804 1139 1889 1194 certo
1918 1147 2038 1208 semper

297 1275 350 1320 suo
379 1251 487 1316 ordine
516 1257 655 1312 constare
685 1245 896 1328 pronuntiavit.
948 1241 1201 1318 Quemadmodum
1230 1241 1409 1305 Aristoteles
1445 1257 1550 1302 omnes
1581 1253 1633 1302 res
1660 1239 1753 1302 'certis
1780 1248 1904 1303 naturae
1932 1239 2040 1302 linibus

294 1363 531 1444 circumscripsit
560 1369 590 1424 et
618 1361 780 1440 praecipue
808 1357 966 1420 animantia
994 1363 1078 1418 certo
1108 1351 1226 1432 semper
1253 1353 1367 1415 semine
1395 1351 1497 1414 enasci
1526 1357 1556 1414 at
1584 1367 1681 1433 genus
1711 1367 1878 1433 propagare
1907 1349 2042 1414 declara·
2121 1345 2123 1359 '

294 1477 353 1554 vit,
394 1475 435 1540 lta
463 1473 612 1554 Epicurus
641 1471 677 1532 ab
706 1468 794 1533 simili
823 1485 925 1530 rerum
954 1463 1202 1545 contemplatione
1235 1461 1390 1543 proiectus
1416 1461 1592 1524 sententiam
1626 1459 1764 1541 protulit,
1803 1477 1862 1522 non
1900 1460 2043 1541 quidlibet

294 1607 333 1651 ex
362 1585 498 1666 quolibet
526 1582 600 1647 oriri
629 1582 683 1646 sed
712 1579 875 1644 seminibus
904 1595 979 1659 opus
1008 1593 1087 1654 esso,
1115 1575 1195 1637 unde
1223 1593 1273 1637 res
1301 1573 1510 1656 gignerentur.
1554 1572 1640 1655 Diog.
1670 1573 1703 1634 L.
1731 1571 1759 1634 X
1789 1569 1848 1634 38:
1879 1568 1967 1632 οὐδὲν
1996 1569 2044 1653 yr'.

295 1719 384 1758 νεται
414 1693 448 1756 ἐκ
477 1693 531 1754 τοῦ
559 1693 602 1772 μή
634 1685 730 1764 ὄντος.
775 1689 837 1750 πᾶν
864 1688 923 1769 peip
955 1687 988 1748 ἐκ
1018 1687 1133 1759 παντός
1162 1679 1320 1766 ἐγίνετ’ὶὶν,
1353 1682 1539 1764 σπερμάτων
1567 1705 1600 1764 γε
1630 1680 1717 1745 οὐδὲν
1746 1679 1973 1766 προςδιόμινον.
2010 1683 2043 1746 ln

298 1825 357 1889 qua
385 1806 531 1870 sententia
559 1804 709 1884 Epicurus
738 1801 880 1883 physicae
909 1817 982 1862 suae
1010 1799 1131 1860 decreta
1160 1799 1258 1878 posuit
1287 1797 1473 1879 grauissima.
1518 1795 1565 1858 Ab
1594 1795 1642 1858 illa
1672 1813 1801 1858 exorsus
1829 1797 1919 1858 rebus
1944 1797 2044 1858 omni·
2158 1831 2161 1838 ,

296 1918 352 1981 bus
383 1917 521 1998 probavit
550 1914 714 1996 primordia
743 1911 870 1975 subesse
899 1909 994 1973 solida
1024 1917 1055 1972 et
1086 1907 1275 1971 immutabilia
1292 1907 1334 1990 ³).
1379 1908 1478 1988 lltque
1499 1905 1558 1970 boc
1578 1907 1675 1987 ipsum
1701 1915 1839 1988 tanquam
1861 1909 1933 1970 novi
1954 1907 2045 1989 quid-

296 2029 363 2092 dam
401 2029 439 2090 ab
467 2025 599 2106 Epicuro
629 2023 741 2090 illatum
776 2031 823 2087 est
860 2021 1013 2085 doctrinae
1040 2019 1219 2094 Democriti,
1253 2017 1334 2099 pund
1370 2036 1429 2081 nnn
1465 2019 1612 2097 rationes,
1647 2035 1721 2098 quas
1754 2017 1804 2080 ille
1840 2019 1875 2080 ab
1904 2017 2044 2082 Eleaticis

295 2137 480 2221 philosophis
501 2143 653 2199 mutuatus
677 2143 753 2212 erat,
782 2133 953 2196 subtiliores
979 2140 1010 2194 at
1035 2131 1201 2194 disserendi
1221 2130 1269 2192 via
1294 2129 1442 2204 inventas,
1470 2129 1523 2190 sed
1545 2147 1648 2191 rerum
1668 2129 1768 2210 potius
1788 2129 1934 2210 ordinem,
1956 2149 2043 2210 quem

294 2249 390 2314 oculis
426 2247 644 2326 conspicimus,
686 2253 802 2308 certum
831 2252 862 2306 et
891 2243 1041 2306 definitum
1079 2243 1114 2303 ad
1151 2239 1313 2322 primordia
1341 2255 1396 2302 sua
1424 2234 1578 2302 allicienda
1606 2239 1747 2304 abhibuit.
1798 2239 1912 2302 Eodem
1942 2258 2044 2302 rerum

294 2361 402 2424 ordine
422 2357 573 2437 Epicurus
602 2373 640 2418 ex
666 2365 765 2419 mente
787 2355 961 2418 Aristotelis
989 2353 1028 2417 ita
1055 2371 1129 2415 usus
1158 2361 1214 2429 est,
1244 2359 1275 2414 ut
1303 2351 1547 2446 pbilosophorum
1570 2351 1608 2412 de
1632 2350 1735 2413 mundi
1760 2361 1865 2415 natura
1894 2353 2043 2416 sentiente

298 2477 333 2542 et,
368 2466 557 2550 intelligente
592 2465 689 2545 deque
721 2467 886 2528 animorum
923 2465 1042 2547 origine
1079 2471 1108 2525 at
1143 2461 1321 2544 migratione
1360 2461 1524 2526 sententias
1560 2461 1739 2525 confutaret.
1795 2464 1878 2538 Quae
1914 2472 2041 2526 contro-

295 2582 396 2643 uersia
424 2579 495 2642 licet
522 2577 552 2640 ln
582 2579 685 2658 paucis
714 2577 784 2656 illis,
813 2595 888 2657 quae
917 2582 1090 2655 supersunt,
1119 2575 1211 2655 ipsius
1231 2573 1353 2654 Epicuri
1381 2570 1527 2634 librorum
1557 2571 1690 2652 reliquiis
1715 2571 1915 2651 desideretur,
1944 2581 2043 2636 tamen

298 2707 365 2752 cum
396 2707 434 2752 ex
463 2689 616 2751 doctrinae
644 2689 761 2751 ratione
794 2705 891 2769 paene
926 2685 1097 2750 necessario
1127 2691 1343 2764 consequatur,
1379 2691 1442 2744 turn
1477 2680 1614 2762 exemplo
1643 2683 1787 2762 probatur
1820 2683 2046 2765 discipulorum,
2078 2717 2084 2738 .

298 2817 373 2882 quos
406 2801 545 2864 traditum
574 2808 621 2863 est
649 2801 680 2861 in
711 2800 850 2863 omnibus
879 2816 984 2879 presse
1013 2797 1150 2879 magistri
1180 2795 1307 2876 uestigia
1336 2811 1404 2855 asse
1432 2801 1563 2856 secutos.

370 2941 379 2954 .
429 2911 510 2973 llaec
536 2910 712 2990 disputanda
743 2911 860 2991 putavi,
898 2918 930 2972 ut
959 2909 997 2971 de
1024 2907 1147 2988 Epicuri
1180 2906 1294 2986 placitis
1328 2905 1519 2986 gravioribus
1554 2906 1648 2967 satius
1684 2913 1844 2968 constaret.
1889 2906 2047 2970 Lucretius

297 3023 434 3106 magistri
464 3031 593 3085 mentem
623 3032 745 3085 secutus
774 3022 804 3082 in
833 3020 1005 3101 primordiis
1036 3019 1139 3082 solidis
1167 3027 1197 3080 et
1225 3013 1454 3080 immutabilibus
1483 3014 1677 3078 detondendis
1706 3035 1722 3077 a
1751 3026 1833 3080 certa
1863 3035 1897 3079 ac
1929 3017 2049 3082 delinita

297 3151 401 3196 rerum
437 3142 541 3196 natura
570 3141 601 3197 et
634 3131 796 3213 praecipua
825 3131 861 3193 ab
891 3131 1083 3194 animantium
1112 3129 1273 3214 generibus
1302 3124 1438 3206 exempla
1466 3125 1629 3206 desumpsit
1643 3123 1690 3208 1).
1734 3126 1829 3190 Nemo
1858 3137 1957 3191 autern
1988 3147 2048 3192 non

296 3243 385 3308 facile
406 3254 570 3326 cognoscet
599 3252 707 3326 poetae
736 3239 902 3324 philosophi
930 3254 1059 3308 mentem
1088 3241 1136 3305 illa
1166 3242 1227 3322 ipsa
1257 3256 1359 3302 rerum
1379 3237 1628 3318 contemplatione
1652 3238 1778 3301 maxime
1800 3257 1869 3302 esse
1898 3241 2048 3304 incitatam

296 3365 326 3419 et
356 3354 485 3436 quodam
515 3356 598 3436 quasi
632 3355 744 3418 luroris
775 3353 872 3416 alilatu
901 3357 1063 3422 incensam.
1107 3353 1181 3416 Na'm
1209 3359 1309 3432 poeta,
1338 3367 1405 3412 cum
1439 3358 1563 3413 naturae
1594 3358 1770 3431 potestatem
1798 3351 1897 3414 uideat
1925 3351 2047 3431 linitam,

299 3465 461 3545 persuadet
498 3463 555 3530 sibi
584 3464 724 3527 mundum
760 3463 915 3529 liberatum
954 3483 1022 3529 esse
1050 3481 1067 3527 a
1097 3463 1160 3527 deis
1198 3463 1343 3538 dominis,
1378 3461 1428 3542 qui
1464 3479 1520 3524 suo
1558 3460 1681 3524 arbitrio
1718 3479 1828 3544 regere
1869 3471 1976 3525 cuncta
2017 3472 2048 3528 et
2106 3479 2109 3484 ·

297 3574 383 3656 leges
412 3577 567 3656 imponere
596 3585 719 3639 naturae
745 3575 863 3638 alienas
887 3575 1002 3656 possint
1029 3576 1126 3655 putari
1142 3573 1185 3655 ⁶).
1230 3571 1291 3636 lllis
1321 3589 1395 3653 ergo
1426 3571 1553 3635 dominis
1578 3580 1610 3633 ut
1631 3588 1719 3633 omne
1744 3572 1901 3652 imperium
1931 3573 2047 3653 eripiat,

298 3693 436 3748 naturam
465 3686 565 3749 laudat
594 3685 737 3765 liberam,
766 3685 864 3747 ornnia
894 3695 1002 3765 suopte
1031 3685 1142 3765 impetu
1172 3691 1201 3747 et
1221 3685 1332 3746 infinita
1362 3683 1504 3746 materiae
1527 3683 1612 3763 copia
1636 3681 1853 3767 pollentem0),
1881 3683 1969 3747 sirnul
1995 3687 2047 3767 gi-

299 3805 441 3878 gnentem
470 3815 522 3860 res
551 3805 582 3860 et
610 3804 864 3877 corrumpentem,
892 3796 981 3860 simul
1009 3797 1099 3858 vitam
1126 3805 1156 3859 ct
1184 3803 1323 3873 mortem,
1348 3794 1452 3856 liorem
1479 3803 1509 3856 et
1538 3793 1714 3875 languorem
1740 3793 1912 3858 afferentem
1922 3796 1966 3880 ⁷),
1992 3795 2047 3859 scd

296 3905 327 3970 ln
358 3907 500 3972 continuo
529 3927 632 3972 rerum
663 3909 746 3971 lluxu
777 3926 811 3970 ac
839 3897 1046 3968 vicissitudine
1083 3907 1119 3968 ad
1147 3907 1283 3986 proprias
1312 3921 1381 3967 suas
1417 3905 1502 3986 leges
1532 3913 1615 3968 certa
1644 3923 1763 3987 semper
1793 3924 1896 3969 rerum
1934 3925 2048 3990 genera

296 4027 527 4082 conservantem
557 4027 588 4080 et
617 4029 831 4101 propagantem
842 4015 887 4100 ⁸).
933 4017 995 4078 Nec
1024 4017 1121 4079 minus
1150 4015 1235 4079 facilc
1263 4015 1335 4078 illud
1365 4017 1493 4096 perspici
1523 4017 1644 4096 poterit,
1675 4025 1791 4097 poetam
1817 4017 1921 4100 eadem
1943 4035 2047 4081 rerum

298 4130 548 4209 contemplatione
578 4127 702 4190 miciliae
732 4127 884 4201 oblectari,
915 4138 947 4192 ut
976 4129 1070 4208 ipsam
1100 4131 1213 4206 pacem,
1241 4126 1443 4204 concordiam,
1475 4127 1665 4206 voluptatem,
1692 4145 1768 4208 (puae
1796 4146 1851 4208 per
1877 4129 2048 4193 universam

297 4247 434 4301 naturam
457 4251 503 4304 est
522 4239 638 4320 ditiusa,
668 4239 771 4302 intimo
793 4240 891 4302 animo
912 4248 1083 4321 perceptam
1106 4247 1241 4319 tanquam
1263 4223 1323 4300 rim
1344 4237 1477 4302 declaret
1497 4239 1590 4302 solam
1612 4239 1691 4302 illam
1710 4248 1817 4302 cuncta
1839 4250 2048 4320 procreantem

418 4467 439 4531 ¹)
462 4467 595 4518 Plutarch.
617 4471 673 4519 adr.
695 4467 778 4520 Color.
800 4485 822 4519 c.
842 4469 924 4518 XIV:
967 4464 1134 4536 (ὁΣιράιων)
1152 4469 1199 4518 adr
1218 4464 1323 4537 κόσμον
1343 4467 1423 4522 αὐτὸν
1444 4467 1478 4520 orl
1496 4471 1564 4530 ζῶον
1584 4467 1656 4522 εἶναι
1676 4473 1753 4538 φησί,
1773 4473 1801 4521 rrl
1822 4467 1853 4524 dl
1873 4475 1939 4523 καιιὲ
1959 4475 2047 4543 φύσιν

415 4553 534 4608 ἕπεσθαι
555 4559 589 4624 api
609 4560 675 4606 ema
695 4555 783 4624 τύχην·
803 4557 888 4624 rippale
908 4560 962 4627 yrlp
983 4555 1126 4608 ἐνδιδόναι
1145 4557 1174 4608 ιὸ
1193 4555 1353 4627 αὐτόματον,
1374 4557 1430 4610 sira
1443 4555 1510 4609 οὕτω
1530 4563 1711 4630 περαίνεσθαι
1731 4561 1928 4629 advocarentur
1947 4567 2049 4614 παθῶν

376 4638 379 4644 ’
418 4641 521 4701 iaceas.
542 4645 660 4696 Dilucide
666 4647 734 4698 hunc
740 4649 825 4698 locum
833 4649 969 4712 explicarit
977 4649 1110 4702 Krischel.
1116 4652 1134 4702 l.
1142 4667 1167 4717 p.
1175 4651 1240 4703 354.
1253 4679 1282 4688 -
1293 4651 1318 4716 ²)
1331 4653 1384 4704 Cic.
1392 4653 1452 4704 Nat.
1460 4653 1539 4706 Deor.
1548 4655 1563 4704 1
1572 4654 1615 4705 13.
1636 4655 1718 4706 Acud.
1729 4653 1815 4706 1138.
1835 4657 1953 4710 Lactaut.
1965 4661 1996 4708 de
2008 4660 2047 4708 ira

417 4735 457 4784 dei
476 4751 498 4785 c.
521 4737 563 4789 10.
585 4763 622 4775 ·—
644 4736 668 4801 ³)
687 4738 763 4802 Diog.
784 4737 814 4788 1..
836 4735 882 4788 38.
904 4732 949 4790 ll.
972 4763 1008 4776 --
1026 4729 1053 4802 1)
1075 4739 1373 4794 Lactorates-265.
1395 4737 1690 4795 otu-65.577-99.
1709 4743 2046 4800 770-82.11512-15

417 4821 460 4887 (de
480 4825 549 4876 linita
565 4827 703 4893 figurarum
718 4826 875 4891 diversitate)
892 4825 1034 4880 dut-73.
1044 4828 1186 4882 stt-26.
1207 4829 1288 4884 1089.
1311 4833 1351 4882 Da
1370 4833 1419 4883 hac
1435 4835 1532 4884 ratione
1549 4835 1676 4898 copiosius
1692 4835 1743 4884 diri
1759 4836 1785 4885 in
1802 4835 1916 4897 Quaerit
1934 4837 2046 4888 Lucrett.

416 4929 442 4980 p.
465 4913 490 4968 7.
515 4913 634 4969 tu-as.
663 4941 698 4954 -
726 4915 750 4982 ⁵)
769 4917 871 4968 Lucrct.
893 4918 906 4968 1
925 4915 1047 4970 56-80.
1068 4919 1094 4968 V
1114 4919 1235 4972 87-91.
1259 4915 1340 4972 taut.
1361 4945 1397 4958 -
1418 4915 1442 4986 0)
1463 4923 1492 4973 ΙΙ
1517 4923 1712 4976 rouo-1105.
1741 4951 1775 4961 -
1805 4923 1938 4988 ⁷)1263
1960 4943 1996 4992 sq.
2018 4929 2048 4980 11

417 5001 539 5057 66-79.
562 5003 703 5060 suu-82.
742 5007 769 5056 V
788 5003 930 5060 uad-si.
953 5033 988 5044 -
1008 4997 1032 5068 8)
1057 5007 1086 5059 11
1107 5009 1160 5062 707
1182 5027 1218 5078 sq.
1258 5013 1284 5061 V
1304 5013 1369 5067 920.

1798 5115 1830 5170 31
