<?xml version="1.0" encoding="UTF-8"?>
<!DOCTYPE html PUBLIC "-//W3C//DTD XHTML 1.0 Transitional//EN"
    "http://www.w3.org/TR/xhtml1/DTD/xhtml1-transitional.dtd">
<html xmlns="http://www.w3.org/1999/xhtml" xml:lang="en" lang="en">
 <head>
  <title>
</title>
<meta http-equiv="Content-Type" content="text/html;charset=utf-8" />
  <meta name='ocr-system' content='tesseract 3.04.00' />
  <meta name='ocr-capabilities' content='ocr_page ocr_carea ocr_par ocr_line ocrx_word'/>
</head>
<body>
  <div class='ocr_page' id='page_1' title='image "./epicurideanimor00reisgoog_0008.png"; bbox 0 0 4780 5634; ppageno 0'>
   <div class='ocr_carea' id='block_1_1' title="bbox 322 1981 2117 2653">
    <p class='ocr_par' dir='ltr' id='par_1_1' title="bbox 322 1981 2117 2653">
     <span class='ocr_line' id='line_1_1' title="bbox 437 1981 2073 2088; baseline -0.006 -12"><span class='ocrx_word' id='word_1_1' title='bbox 437 1995 667 2088; x_wconf 70' lang='lat' dir='ltr'><strong>Antiquissimi</strong></span> <span class='ocrx_word' id='word_1_2' title='bbox 690 2003 804 2087; x_wconf 82' lang='lat' dir='ltr'><strong>physici</strong></span> <span class='ocrx_word' id='word_1_3' title='bbox 821 2003 928 2068; x_wconf 87' lang='lat' dir='ltr'><strong>Graeci</strong></span> <span class='ocrx_word' id='word_1_4' title='bbox 951 2022 1018 2068; x_wconf 91' lang='lat' dir='ltr'><strong>cum</strong></span> <span class='ocrx_word' id='word_1_5' title='bbox 1041 2006 1070 2068; x_wconf 91' lang='lat' dir='ltr'><strong>in</strong></span> <span class='ocrx_word' id='word_1_6' title='bbox 1094 2004 1328 2087; x_wconf 79' lang='lat' dir='ltr'><strong>contemplandis</strong></span> <span class='ocrx_word' id='word_1_7' title='bbox 1349 2005 1410 2084; x_wconf 90' lang='lat' dir='ltr'><strong>eis,</strong></span> <span class='ocrx_word' id='word_1_8' title='bbox 1432 2021 1508 2086; x_wconf 89' lang='lat' dir='ltr'><strong>quae</strong></span> <span class='ocrx_word' id='word_1_9' title='bbox 1530 1981 1594 2070; x_wconf 86' lang='lat' dir='ltr'><strong>sub</strong></span> <span class='ocrx_word' id='word_1_10' title='bbox 1612 2021 1720 2070; x_wconf 84' lang='lat' dir='ltr'><strong>sensus</strong></span> <span class='ocrx_word' id='word_1_11' title='bbox 1742 2003 1868 2082; x_wconf 87' lang='lat' dir='ltr'><strong>cadunt,</strong></span> <span class='ocrx_word' id='word_1_12' title='bbox 1897 2003 1988 2068; x_wconf 87' lang='lat' dir='ltr'><strong>rebus</strong></span> <span class='ocrx_word' id='word_1_13' title='bbox 2010 2011 2073 2068; x_wconf 90' lang='lat' dir='ltr'><strong>tota</strong></span> 
     </span>
     <span class='ocr_line' id='line_1_2' title="bbox 325 2115 2072 2198; baseline -0.004 -14"><span class='ocrx_word' id='word_1_14' title='bbox 325 2127 425 2184; x_wconf 89' lang='lat' dir='ltr'><strong>monte</strong></span> <span class='ocrx_word' id='word_1_15' title='bbox 445 2119 535 2184; x_wconf 78' lang='lat' dir='ltr'><strong>delini</strong></span> <span class='ocrx_word' id='word_1_16' title='bbox 557 2117 666 2198; x_wconf 87' lang='lat' dir='ltr'><strong>primas</strong></span> <span class='ocrx_word' id='word_1_17' title='bbox 689 2118 851 2194; x_wconf 83' lang='lat' dir='ltr'><strong>universae</strong></span> <span class='ocrx_word' id='word_1_18' title='bbox 872 2125 996 2182; x_wconf 88' lang='lat' dir='ltr'><strong>naturae</strong></span> <span class='ocrx_word' id='word_1_19' title='bbox 1018 2135 1138 2180; x_wconf 77' lang='lat' dir='ltr'><strong>caussas</strong></span> <span class='ocrx_word' id='word_1_20' title='bbox 1160 2117 1189 2183; x_wconf 89' lang='lat' dir='ltr'><strong>ia</strong></span> <span class='ocrx_word' id='word_1_21' title='bbox 1211 2135 1272 2182; x_wconf 91' lang='lat' dir='ltr'><strong>uno</strong></span> <span class='ocrx_word' id='word_1_22' title='bbox 1294 2115 1469 2198; x_wconf 80' lang='lat' dir='ltr'><strong>pluribusve</strong></span> <span class='ocrx_word' id='word_1_23' title='bbox 1490 2115 1661 2197; x_wconf 82' lang='lat' dir='ltr'><strong>posuissent</strong></span> <span class='ocrx_word' id='word_1_24' title='bbox 1689 2115 1790 2178; x_wconf 87' lang='lat' dir='ltr'><strong>muudi</strong></span> <span class='ocrx_word' id='word_1_25' title='bbox 1811 2115 1984 2193; x_wconf 86' lang='lat' dir='ltr'><strong>elementis,</strong></span> <span class='ocrx_word' id='word_1_26' title='bbox 2012 2115 2072 2178; x_wconf 86' lang='lat' dir='ltr'><strong>vim</strong></span> 
     </span>
     <span class='ocr_line' id='line_1_3' title="bbox 324 2226 2117 2316; baseline -0.003 -20"><span class='ocrx_word' id='word_1_27' title='bbox 324 2232 422 2296; x_wconf 91' lang='lat' dir='ltr'><strong>omnia</strong></span> <span class='ocrx_word' id='word_1_28' title='bbox 445 2239 615 2294; x_wconf 84' lang='lat' dir='ltr'><strong>moventem</strong></span> <span class='ocrx_word' id='word_1_29' title='bbox 637 2235 725 2308; x_wconf 90' lang='lat' dir='ltr'><strong>atquc</strong></span> <span class='ocrx_word' id='word_1_30' title='bbox 747 2237 887 2311; x_wconf 82' lang='lat' dir='ltr'><strong>agentem</strong></span> <span class='ocrx_word' id='word_1_31' title='bbox 908 2235 1070 2292; x_wconf 86' lang='lat' dir='ltr'><strong>senserunt</strong></span> <span class='ocrx_word' id='word_1_32' title='bbox 1091 2226 1209 2308; x_wconf 91' lang='lat' dir='ltr'><strong>quidem</strong></span> <span class='ocrx_word' id='word_1_33' title='bbox 1232 2229 1432 2310; x_wconf 86' lang='lat' dir='ltr'><strong>praestantius</strong></span> <span class='ocrx_word' id='word_1_34' title='bbox 1454 2227 1592 2310; x_wconf 77' lang='lat' dir='ltr'><strong>quiddam</strong></span> <span class='ocrx_word' id='word_1_35' title='bbox 1614 2245 1649 2290; x_wconf 91' lang='lat' dir='ltr'><strong>ac</strong></span> <span class='ocrx_word' id='word_1_36' title='bbox 1671 2227 1800 2291; x_wconf 81' lang='lat' dir='ltr'><strong>divinius</strong></span> <span class='ocrx_word' id='word_1_37' title='bbox 1823 2245 1908 2305; x_wconf 88' lang='lat' dir='ltr'><strong>esse,</strong></span> <span class='ocrx_word' id='word_1_38' title='bbox 1929 2226 1983 2290; x_wconf 88' lang='lat' dir='ltr'><strong>sed</strong></span> <span class='ocrx_word' id='word_1_39' title='bbox 2006 2235 2072 2292; x_wconf 89' lang='lat' dir='ltr'><strong>ton·</strong></span> <span class='ocrx_word' id='word_1_40' title='bbox 2110 2310 2117 2316; x_wconf 24' lang='lat'>⁸</span> 
     </span>
     <span class='ocr_line' id='line_1_4' title="bbox 323 2335 2072 2432; baseline -0.006 -24"><span class='ocrx_word' id='word_1_41' title='bbox 323 2353 386 2410; x_wconf 91' lang='lat' dir='ltr'><strong>tum</strong></span> <span class='ocrx_word' id='word_1_42' title='bbox 409 2342 481 2432; x_wconf 81' lang='lat' dir='ltr'><strong>aluit</strong></span> <span class='ocrx_word' id='word_1_43' title='bbox 511 2348 545 2402; x_wconf 93' lang='lat' dir='ltr'><strong>ut</strong></span> <span class='ocrx_word' id='word_1_44' title='bbox 566 2357 631 2402; x_wconf 88' lang='lat' dir='ltr'><strong>eam</strong></span> <span class='ocrx_word' id='word_1_45' title='bbox 654 2358 672 2400; x_wconf 93' lang='lat' dir='ltr'><strong>a</strong></span> <span class='ocrx_word' id='word_1_46' title='bbox 693 2339 815 2402; x_wconf 89' lang='lat' dir='ltr'><strong>materia</strong></span> <span class='ocrx_word' id='word_1_47' title='bbox 837 2348 1050 2418; x_wconf 85' lang='lat' dir='ltr'><strong>secernerent,</strong></span> <span class='ocrx_word' id='word_1_48' title='bbox 1081 2347 1115 2402; x_wconf 91' lang='lat' dir='ltr'><strong>ut</strong></span> <span class='ocrx_word' id='word_1_49' title='bbox 1135 2339 1173 2402; x_wconf 91' lang='lat' dir='ltr'><strong>dc</strong></span> <span class='ocrx_word' id='word_1_50' title='bbox 1194 2339 1249 2402; x_wconf 90' lang='lat' dir='ltr'><strong>hac</strong></span> <span class='ocrx_word' id='word_1_51' title='bbox 1270 2357 1305 2402; x_wconf 89' lang='lat' dir='ltr'><strong>re</strong></span> <span class='ocrx_word' id='word_1_52' title='bbox 1326 2341 1446 2404; x_wconf 91' lang='lat' dir='ltr'><strong>omnino</strong></span> <span class='ocrx_word' id='word_1_53' title='bbox 1469 2357 1507 2402; x_wconf 88' lang='lat' dir='ltr'><strong>ne</strong></span> <span class='ocrx_word' id='word_1_54' title='bbox 1529 2339 1679 2420; x_wconf 74' lang='lat' dir='ltr'><strong>cogitasse</strong></span> <span class='ocrx_word' id='word_1_55' title='bbox 1701 2337 1820 2418; x_wconf 89' lang='lat' dir='ltr'><strong>quidem</strong></span> <span class='ocrx_word' id='word_1_56' title='bbox 1844 2337 2004 2402; x_wconf 87' lang='lat' dir='ltr'><strong>videantur</strong></span> <span class='ocrx_word' id='word_1_57' title='bbox 2030 2335 2072 2420; x_wconf 86' lang='lat'><strong>¹).</strong></span> 
     </span>
     <span class='ocr_line' id='line_1_5' title="bbox 322 2446 2074 2528; baseline -0.003 -11"><span class='ocrx_word' id='word_1_58' title='bbox 322 2453 449 2518; x_wconf 83' lang='lat' dir='ltr'><strong>Etiamsi</strong></span> <span class='ocrx_word' id='word_1_59' title='bbox 471 2459 571 2514; x_wconf 91' lang='lat' dir='ltr'><strong>autem</strong></span> <span class='ocrx_word' id='word_1_60' title='bbox 593 2467 651 2513; x_wconf 88' lang='lat' dir='ltr'><strong>nec</strong></span> <span class='ocrx_word' id='word_1_61' title='bbox 672 2449 710 2514; x_wconf 91' lang='lat' dir='ltr'><strong>de</strong></span> <span class='ocrx_word' id='word_1_62' title='bbox 732 2449 852 2512; x_wconf 90' lang='lat' dir='ltr'><strong>numine</strong></span> <span class='ocrx_word' id='word_1_63' title='bbox 873 2450 975 2512; x_wconf 89' lang='lat' dir='ltr'><strong>divino</strong></span> <span class='ocrx_word' id='word_1_64' title='bbox 988 2467 1045 2512; x_wconf 88' lang='lat' dir='ltr'><strong>nec</strong></span> <span class='ocrx_word' id='word_1_65' title='bbox 1067 2449 1106 2514; x_wconf 91' lang='lat' dir='ltr'><strong>da</strong></span> <span class='ocrx_word' id='word_1_66' title='bbox 1127 2449 1294 2514; x_wconf 90' lang='lat' dir='ltr'><strong>animorum</strong></span> <span class='ocrx_word' id='word_1_67' title='bbox 1315 2449 1534 2518; x_wconf 83' lang='lat' dir='ltr'><strong>immortalitate</strong></span> <span class='ocrx_word' id='word_1_68' title='bbox 1556 2449 1613 2528; x_wconf 93' lang='lat' dir='ltr'><strong>ipsi</strong></span> <span class='ocrx_word' id='word_1_69' title='bbox 1622 2447 1763 2512; x_wconf 85' lang='lat' dir='ltr'><strong>videntur</strong></span> <span class='ocrx_word' id='word_1_70' title='bbox 1785 2446 1984 2526; x_wconf 89' lang='lat' dir='ltr'><strong>addubitasse,</strong></span> <span class='ocrx_word' id='word_1_71' title='bbox 2007 2447 2074 2512; x_wconf 86' lang='lat' dir='ltr'><strong>beri</strong></span> 
     </span>
     <span class='ocr_line' id='line_1_6' title="bbox 323 2559 2074 2653; baseline -0.002 -25"><span class='ocrx_word' id='word_1_72' title='bbox 323 2572 422 2628; x_wconf 88' lang='lat' dir='ltr'><strong>tamari</strong></span> <span class='ocrx_word' id='word_1_73' title='bbox 446 2583 506 2628; x_wconf 92' lang='lat' dir='ltr'><strong>non</strong></span> <span class='ocrx_word' id='word_1_74' title='bbox 527 2563 635 2644; x_wconf 91' lang='lat' dir='ltr'><strong>potuit,</strong></span> <span class='ocrx_word' id='word_1_75' title='bbox 659 2562 729 2644; x_wconf 90' lang='lat' dir='ltr'><strong>quin</strong></span> <span class='ocrx_word' id='word_1_76' title='bbox 753 2559 840 2624; x_wconf 89' lang='lat' dir='ltr'><strong>novis</strong></span> <span class='ocrx_word' id='word_1_77' title='bbox 863 2561 927 2626; x_wconf 88' lang='lat' dir='ltr'><strong>suis</strong></span> <span class='ocrx_word' id='word_1_78' title='bbox 948 2561 1064 2653; x_wconf 87' lang='lat' dir='ltr'><strong>placitis</strong></span> <span class='ocrx_word' id='word_1_79' title='bbox 1086 2561 1236 2624; x_wconf 90' lang='lat' dir='ltr'><strong>homiuum</strong></span> <span class='ocrx_word' id='word_1_80' title='bbox 1259 2561 1431 2641; x_wconf 84' lang='lat' dir='ltr'><strong>opiniones,</strong></span> <span class='ocrx_word' id='word_1_81' title='bbox 1454 2579 1514 2623; x_wconf 90' lang='lat' dir='ltr'><strong>non</strong></span> <span class='ocrx_word' id='word_1_82' title='bbox 1537 2561 1601 2624; x_wconf 91' lang='lat' dir='ltr'><strong>illas</strong></span> <span class='ocrx_word' id='word_1_83' title='bbox 1624 2561 1760 2626; x_wconf 89' lang='lat' dir='ltr'><strong>doctrina</strong></span> <span class='ocrx_word' id='word_1_84' title='bbox 1782 2559 1886 2640; x_wconf 83' lang='lat' dir='ltr'><strong>laetas,</strong></span> <span class='ocrx_word' id='word_1_85' title='bbox 1908 2561 1963 2624; x_wconf 92' lang='lat' dir='ltr'><strong>sed</strong></span> <span class='ocrx_word' id='word_1_86' title='bbox 1985 2579 2074 2626; x_wconf 89' lang='lat' dir='ltr'><strong>men-</strong></span> 
     </span>
    </p>
   </div>
   <div class='ocr_carea' id='block_1_2' title="bbox 321 2672 2076 4091">
    <p class='ocr_par' dir='ltr' id='par_1_2' title="bbox 321 2672 2076 4091">
     <span class='ocr_line' id='line_1_7' title="bbox 324 2672 2076 2759; baseline -0.001 -21"><span class='ocrx_word' id='word_1_87' title='bbox 324 2675 403 2738; x_wconf 90' lang='lat' dir='ltr'><strong>tibus</strong></span> <span class='ocrx_word' id='word_1_88' title='bbox 426 2676 541 2738; x_wconf 87' lang='lat' dir='ltr'><strong>innatas</strong></span> <span class='ocrx_word' id='word_1_89' title='bbox 563 2683 593 2736; x_wconf 86' lang='lat' dir='ltr'><strong>ot</strong></span> <span class='ocrx_word' id='word_1_90' title='bbox 614 2691 652 2738; x_wconf 84' lang='lat' dir='ltr'><strong>ex</strong></span> <span class='ocrx_word' id='word_1_91' title='bbox 675 2672 882 2754; x_wconf 91' lang='lat' dir='ltr'><strong>antiquissimo</strong></span> <span class='ocrx_word' id='word_1_92' title='bbox 911 2679 1046 2752; x_wconf 89' lang='lat' dir='ltr'><strong>tempore</strong></span> <span class='ocrx_word' id='word_1_93' title='bbox 1067 2691 1135 2736; x_wconf 91' lang='lat' dir='ltr'><strong>oum</strong></span> <span class='ocrx_word' id='word_1_94' title='bbox 1157 2673 1320 2756; x_wconf 76' lang='lat' dir='ltr'><strong>magnificis</strong></span> <span class='ocrx_word' id='word_1_95' title='bbox 1342 2682 1496 2759; x_wconf 82' lang='lat' dir='ltr'><strong>poetarum</strong></span> <span class='ocrx_word' id='word_1_96' title='bbox 1518 2673 1614 2740; x_wconf 79' lang='lat' dir='ltr'><strong>effatis</strong></span> <span class='ocrx_word' id='word_1_97' title='bbox 1636 2682 1697 2738; x_wconf 92' lang='lat' dir='ltr'><strong>tum</strong></span> <span class='ocrx_word' id='word_1_98' title='bbox 1720 2674 1933 2756; x_wconf 79' lang='lat' dir='ltr'><strong>mysteriorum</strong></span> <span class='ocrx_word' id='word_1_99' title='bbox 1954 2675 2076 2738; x_wconf 87' lang='lat' dir='ltr'><strong>arcanis</strong></span> 
     </span>
     <span class='ocr_line' id='line_1_8' title="bbox 323 2781 2074 2872; baseline -0.001 -24"><span class='ocrx_word' id='word_1_100' title='bbox 323 2785 457 2866; x_wconf 91' lang='lat' dir='ltr'><strong>proditas</strong></span> <span class='ocrx_word' id='word_1_101' title='bbox 480 2801 515 2846; x_wconf 86' lang='lat' dir='ltr'><strong>aa</strong></span> <span class='ocrx_word' id='word_1_102' title='bbox 531 2784 667 2860; x_wconf 83' lang='lat' dir='ltr'><strong>lirmatas</strong></span> <span class='ocrx_word' id='word_1_103' title='bbox 689 2781 775 2854; x_wconf 82' lang='lat' dir='ltr'><strong>ualde</strong></span> <span class='ocrx_word' id='word_1_104' title='bbox 797 2783 1010 2848; x_wconf 88' lang='lat' dir='ltr'><strong>labelactarent</strong></span> <span class='ocrx_word' id='word_1_105' title='bbox 1023 2781 1067 2867; x_wconf 83' lang='lat'><strong>²).</strong></span> <span class='ocrx_word' id='word_1_106' title='bbox 1107 2783 1195 2860; x_wconf 79' lang='lat' dir='ltr'><strong>Quod</strong></span> <span class='ocrx_word' id='word_1_107' title='bbox 1214 2785 1446 2872; x_wconf 88' lang='lat' dir='ltr'><strong>damnummox</strong></span> <span class='ocrx_word' id='word_1_108' title='bbox 1464 2784 1550 2848; x_wconf 87' lang='lat' dir='ltr'><strong>valde</strong></span> <span class='ocrx_word' id='word_1_109' title='bbox 1571 2796 1689 2850; x_wconf 87' lang='lat' dir='ltr'><strong>auctum</strong></span> <span class='ocrx_word' id='word_1_110' title='bbox 1712 2793 1776 2863; x_wconf 91' lang='lat' dir='ltr'><strong>est,</strong></span> <span class='ocrx_word' id='word_1_111' title='bbox 1806 2803 1873 2848; x_wconf 89' lang='lat' dir='ltr'><strong>cum</strong></span> <span class='ocrx_word' id='word_1_112' title='bbox 1905 2783 2074 2866; x_wconf 86' lang='lat' dir='ltr'><strong>philosophi</strong></span> 
     </span>
     <span class='ocr_line' id='line_1_9' title="bbox 321 2877 2074 2978; baseline 0 -20"><span class='ocrx_word' id='word_1_113' title='bbox 321 2898 502 2972; x_wconf 82' lang='lat' dir='ltr'><strong>existerent,</strong></span> <span class='ocrx_word' id='word_1_114' title='bbox 539 2895 589 2975; x_wconf 93' lang='lat' dir='ltr'><strong>qui</strong></span> <span class='ocrx_word' id='word_1_115' title='bbox 611 2893 684 2970; x_wconf 85' lang='lat' dir='ltr'><strong>solis</strong></span> <span class='ocrx_word' id='word_1_116' title='bbox 698 2877 805 2958; x_wconf 50' lang='lat' dir='ltr'><strong>¹orantia</strong></span> <span class='ocrx_word' id='word_1_117' title='bbox 827 2895 912 2978; x_wconf 75' lang='lat' dir='ltr'><strong>gigni</strong></span> <span class='ocrx_word' id='word_1_118' title='bbox 934 2895 1112 2976; x_wconf 88' lang='lat' dir='ltr'><strong>corporibus</strong></span> <span class='ocrx_word' id='word_1_119' title='bbox 1135 2895 1245 2976; x_wconf 90' lang='lat' dir='ltr'><strong>opinati</strong></span> <span class='ocrx_word' id='word_1_120' title='bbox 1266 2897 1326 2959; x_wconf 86' lang='lat' dir='ltr'><strong>vim</strong></span> <span class='ocrx_word' id='word_1_121' title='bbox 1349 2895 1478 2960; x_wconf 85' lang='lat' dir='ltr'><strong>divinam</strong></span> <span class='ocrx_word' id='word_1_122' title='bbox 1500 2905 1613 2960; x_wconf 88' lang='lat' dir='ltr'><strong>tantum</strong></span> <span class='ocrx_word' id='word_1_123' title='bbox 1635 2915 1694 2960; x_wconf 90' lang='lat' dir='ltr'><strong>nun</strong></span> <span class='ocrx_word' id='word_1_124' title='bbox 1717 2895 1812 2975; x_wconf 81' lang='lat' dir='ltr'><strong>pelam</strong></span> <span class='ocrx_word' id='word_1_125' title='bbox 1834 2913 1952 2960; x_wconf 89' lang='lat' dir='ltr'><strong>omnem</strong></span> <span class='ocrx_word' id='word_1_126' title='bbox 1975 2913 2074 2978; x_wconf 77' lang='lat' dir='ltr'><strong>nega-</strong></span> 
     </span>
     <span class='ocr_line' id='line_1_10' title="bbox 322 3006 2075 3088; baseline -0.001 -18"><span class='ocrx_word' id='word_1_127' title='bbox 322 3018 393 3072; x_wconf 87' lang='lat' dir='ltr'><strong>rent</strong></span> <span class='ocrx_word' id='word_1_128' title='bbox 415 3009 627 3088; x_wconf 90' lang='lat' dir='ltr'><strong>bominumque</strong></span> <span class='ocrx_word' id='word_1_129' title='bbox 649 3007 764 3070; x_wconf 89' lang='lat' dir='ltr'><strong>animos</strong></span> <span class='ocrx_word' id='word_1_130' title='bbox 786 3007 915 3072; x_wconf 88' lang='lat' dir='ltr'><strong>diversis</strong></span> <span class='ocrx_word' id='word_1_131' title='bbox 935 3007 1081 3072; x_wconf 87' lang='lat' dir='ltr'><strong>materiae</strong></span> <span class='ocrx_word' id='word_1_132' title='bbox 1103 3007 1256 3088; x_wconf 89' lang='lat' dir='ltr'><strong>particulis</strong></span> <span class='ocrx_word' id='word_1_133' title='bbox 1279 3007 1424 3074; x_wconf 84' lang='lat' dir='ltr'><strong>caudatos</strong></span> <span class='ocrx_word' id='word_1_134' title='bbox 1446 3016 1543 3072; x_wconf 90' lang='lat' dir='ltr'><strong>morte</strong></span> <span class='ocrx_word' id='word_1_135' title='bbox 1566 3007 1689 3070; x_wconf 86' lang='lat' dir='ltr'><strong>dissolvi</strong></span> <span class='ocrx_word' id='word_1_136' title='bbox 1718 3016 1750 3070; x_wconf 89' lang='lat' dir='ltr'><strong>et</strong></span> <span class='ocrx_word' id='word_1_137' title='bbox 1771 3006 1855 3070; x_wconf 81' lang='lat' dir='ltr'><strong>vebat</strong></span> <span class='ocrx_word' id='word_1_138' title='bbox 1876 3006 2016 3072; x_wconf 86' lang='lat' dir='ltr'><strong>nebulam</strong></span> <span class='ocrx_word' id='word_1_139' title='bbox 2039 3024 2075 3068; x_wconf 88' lang='lat' dir='ltr'><strong>ac</strong></span> 
     </span>
     <span class='ocr_line' id='line_1_11' title="bbox 323 3091 2076 3202; baseline 0.001 -22"><span class='ocrx_word' id='word_1_140' title='bbox 323 3118 436 3182; x_wconf 90' lang='lat' dir='ltr'><strong>lamam</strong></span> <span class='ocrx_word' id='word_1_141' title='bbox 458 3117 592 3182; x_wconf 86' lang='lat' dir='ltr'><strong>exhalari</strong></span> <span class='ocrx_word' id='word_1_142' title='bbox 614 3117 704 3196; x_wconf 88' lang='lat' dir='ltr'><strong>inque</strong></span> <span class='ocrx_word' id='word_1_143' title='bbox 725 3121 826 3182; x_wconf 81' lang='lat' dir='ltr'><strong>adrem</strong></span> <span class='ocrx_word' id='word_1_144' title='bbox 839 3117 984 3200; x_wconf 41' lang='lat' dir='ltr'><strong>,dispergi</strong></span> <span class='ocrx_word' id='word_1_145' title='bbox 1005 3117 1246 3202; x_wconf 71' lang='lat' dir='ltr'><strong>declararentl).</strong></span> <span class='ocrx_word' id='word_1_146' title='bbox 1274 3117 1305 3182; x_wconf 92' lang='lat' dir='ltr'><strong>ln</strong></span> <span class='ocrx_word' id='word_1_147' title='bbox 1329 3119 1373 3182; x_wconf 90' lang='lat' dir='ltr'><strong>eis</strong></span> <span class='ocrx_word' id='word_1_148' title='bbox 1395 3091 1478 3182; x_wconf 62' lang='lat' dir='ltr'><strong>vero&#39;</strong></span> <span class='ocrx_word' id='word_1_149' title='bbox 1492 3119 1686 3200; x_wconf 87' lang='lat' dir='ltr'><strong>philosophis,</strong></span> <span class='ocrx_word' id='word_1_150' title='bbox 1709 3119 1760 3200; x_wconf 91' lang='lat' dir='ltr'><strong>qui</strong></span> <span class='ocrx_word' id='word_1_151' title='bbox 1784 3126 1815 3182; x_wconf 93' lang='lat' dir='ltr'><strong>at</strong></span> <span class='ocrx_word' id='word_1_152' title='bbox 1838 3117 1876 3182; x_wconf 93' lang='lat' dir='ltr'><strong>de</strong></span> <span class='ocrx_word' id='word_1_153' title='bbox 1897 3126 2004 3182; x_wconf 90' lang='lat' dir='ltr'><strong>natura</strong></span> <span class='ocrx_word' id='word_1_154' title='bbox 2025 3116 2076 3180; x_wconf 80' lang='lat' dir='ltr'><strong>di·</strong></span> 
     </span>
     <span class='ocr_line' id='line_1_12' title="bbox 325 3227 2075 3312; baseline -0.001 -20"><span class='ocrx_word' id='word_1_155' title='bbox 325 3229 392 3292; x_wconf 89' lang='lat' dir='ltr'><strong>vina</strong></span> <span class='ocrx_word' id='word_1_156' title='bbox 414 3235 445 3292; x_wconf 90' lang='lat' dir='ltr'><strong>et</strong></span> <span class='ocrx_word' id='word_1_157' title='bbox 467 3227 505 3290; x_wconf 89' lang='lat' dir='ltr'><strong>dc</strong></span> <span class='ocrx_word' id='word_1_158' title='bbox 519 3227 648 3290; x_wconf 86' lang='lat' dir='ltr'><strong>hominis</strong></span> <span class='ocrx_word' id='word_1_159' title='bbox 667 3236 753 3292; x_wconf 86' lang='lat' dir='ltr'><strong>sorta</strong></span> <span class='ocrx_word' id='word_1_160' title='bbox 767 3227 878 3292; x_wconf 83' lang='lat' dir='ltr'><strong>lutura</strong></span> <span class='ocrx_word' id='word_1_161' title='bbox 889 3229 1043 3295; x_wconf 91' lang='lat' dir='ltr'><strong>sublimius</strong></span> <span class='ocrx_word' id='word_1_162' title='bbox 1059 3230 1228 3312; x_wconf 75' lang='lat' dir='ltr'><strong>cogitarunt</strong></span> <span class='ocrx_word' id='word_1_163' title='bbox 1241 3227 1354 3310; x_wconf 84' lang='lat' dir='ltr'><strong>suaque</strong></span> <span class='ocrx_word' id='word_1_164' title='bbox 1369 3230 1524 3312; x_wconf 89' lang='lat' dir='ltr'><strong>disciplina</strong></span> <span class='ocrx_word' id='word_1_165' title='bbox 1539 3230 1721 3312; x_wconf 84' lang='lat' dir='ltr'><strong>antiquitatis</strong></span> <span class='ocrx_word' id='word_1_166' title='bbox 1736 3229 1904 3294; x_wconf 88' lang='lat' dir='ltr'><strong>testimonia</strong></span> <span class='ocrx_word' id='word_1_167' title='bbox 1918 3233 2075 3294; x_wconf 89' lang='lat' dir='ltr'><strong>sustenta-</strong></span> 
     </span>
     <span class='ocr_line' id='line_1_13' title="bbox 322 3319 2074 3428; baseline -0.002 -24"><span class='ocrx_word' id='word_1_168' title='bbox 322 3351 409 3419; x_wconf 91' lang='lat' dir='ltr'><strong>runt,</strong></span> <span class='ocrx_word' id='word_1_169' title='bbox 440 3339 590 3420; x_wconf 90' lang='lat' dir='ltr'><strong>principes</strong></span> <span class='ocrx_word' id='word_1_170' title='bbox 619 3339 791 3404; x_wconf 91' lang='lat' dir='ltr'><strong>nominandi</strong></span> <span class='ocrx_word' id='word_1_171' title='bbox 819 3351 889 3404; x_wconf 90' lang='lat' dir='ltr'><strong>sunt</strong></span> <span class='ocrx_word' id='word_1_172' title='bbox 918 3319 1106 3428; x_wconf 75' lang='lat' dir='ltr'><strong>Pythagorei.</strong></span> <span class='ocrx_word' id='word_1_173' title='bbox 1158 3341 1195 3404; x_wconf 93' lang='lat' dir='ltr'><strong>lli</strong></span> <span class='ocrx_word' id='word_1_174' title='bbox 1221 3342 1311 3408; x_wconf 85' lang='lat' dir='ltr'><strong>enim¹</strong></span> <span class='ocrx_word' id='word_1_175' title='bbox 1329 3343 1359 3404; x_wconf 89' lang='lat' dir='ltr'><strong>in</strong></span> <span class='ocrx_word' id='word_1_176' title='bbox 1388 3359 1505 3406; x_wconf 89' lang='lat' dir='ltr'><strong>morum</strong></span> <span class='ocrx_word' id='word_1_177' title='bbox 1534 3341 1690 3422; x_wconf 88' lang='lat' dir='ltr'><strong>disciplina</strong></span> <span class='ocrx_word' id='word_1_178' title='bbox 1720 3341 1894 3424; x_wconf 77' lang='lat' dir='ltr'><strong>diligentius</strong></span> <span class='ocrx_word' id='word_1_179' title='bbox 1925 3357 2012 3422; x_wconf 87' lang='lat' dir='ltr'><strong>qaam</strong></span> <span class='ocrx_word' id='word_1_180' title='bbox 2042 3339 2074 3402; x_wconf 92' lang='lat' dir='ltr'><strong>in</strong></span> 
     </span>
     <span class='ocr_line' id='line_1_14' title="bbox 322 3449 2074 3534; baseline -0.003 -18"><span class='ocrx_word' id='word_1_181' title='bbox 322 3462 446 3516; x_wconf 86' lang='lat' dir='ltr'><strong>naturae</strong></span> <span class='ocrx_word' id='word_1_182' title='bbox 461 3449 668 3530; x_wconf 81' lang='lat' dir='ltr'><strong>exploratione</strong></span> <span class='ocrx_word' id='word_1_183' title='bbox 683 3451 877 3515; x_wconf 77' lang='lat' dir='ltr'><strong>vassaticum</strong></span> <span class='ocrx_word' id='word_1_184' title='bbox 898 3451 956 3514; x_wconf 87' lang='lat' dir='ltr'><strong>hoo</strong></span> <span class='ocrx_word' id='word_1_185' title='bbox 969 3453 1130 3532; x_wconf 86' lang='lat' dir='ltr'><strong>praecipue</strong></span> <span class='ocrx_word' id='word_1_186' title='bbox 1142 3460 1298 3530; x_wconf 87' lang='lat' dir='ltr'><strong>curarent,</strong></span> <span class='ocrx_word' id='word_1_187' title='bbox 1318 3463 1351 3520; x_wconf 90' lang='lat' dir='ltr'><strong>at</strong></span> <span class='ocrx_word' id='word_1_188' title='bbox 1364 3473 1419 3534; x_wconf 90' lang='lat' dir='ltr'><strong>spe</strong></span> <span class='ocrx_word' id='word_1_189' title='bbox 1433 3453 1580 3518; x_wconf 88' lang='lat' dir='ltr'><strong>moriendi</strong></span> <span class='ocrx_word' id='word_1_190' title='bbox 1599 3450 1724 3518; x_wconf 88' lang='lat' dir='ltr'><strong>meliore</strong></span> <span class='ocrx_word' id='word_1_191' title='bbox 1744 3452 1899 3516; x_wconf 88' lang='lat' dir='ltr'><strong>meliorem</strong></span> <span class='ocrx_word' id='word_1_192' title='bbox 1914 3450 2074 3516; x_wconf 86' lang='lat' dir='ltr'><strong>allicerent</strong></span> 
     </span>
     <span class='ocr_line' id='line_1_15' title="bbox 323 3561 2074 3650; baseline -0.001 -25"><span class='ocrx_word' id='word_1_193' title='bbox 323 3563 470 3628; x_wconf 89' lang='lat' dir='ltr'><strong>rationem</strong></span> <span class='ocrx_word' id='word_1_194' title='bbox 493 3561 632 3640; x_wconf 90' lang='lat' dir='ltr'><strong>vivendi,</strong></span> <span class='ocrx_word' id='word_1_195' title='bbox 653 3561 837 3642; x_wconf 86' lang='lat' dir='ltr'><strong>praeclaram</strong></span> <span class='ocrx_word' id='word_1_196' title='bbox 856 3562 936 3626; x_wconf 93' lang='lat' dir='ltr'><strong>illam</strong></span> <span class='ocrx_word' id='word_1_197' title='bbox 958 3563 1136 3626; x_wconf 86' lang='lat' dir='ltr'><strong>sententiam</strong></span> <span class='ocrx_word' id='word_1_198' title='bbox 1158 3563 1406 3642; x_wconf 90' lang='lat' dir='ltr'><strong>pronuntiarunt,</strong></span> <span class='ocrx_word' id='word_1_199' title='bbox 1437 3565 1552 3628; x_wconf 88' lang='lat' dir='ltr'><strong>animos</strong></span> <span class='ocrx_word' id='word_1_200' title='bbox 1574 3563 1718 3627; x_wconf 87' lang='lat' dir='ltr'><strong>humanos</strong></span> <span class='ocrx_word' id='word_1_201' title='bbox 1748 3582 1786 3650; x_wconf 79' lang='lat' dir='ltr'><strong>ex</strong></span> <span class='ocrx_word' id='word_1_202' title='bbox 1809 3563 1950 3626; x_wconf 85' lang='lat' dir='ltr'><strong>universa</strong></span> <span class='ocrx_word' id='word_1_203' title='bbox 1973 3569 2074 3626; x_wconf 87' lang='lat' dir='ltr'><strong>meato</strong></span> 
     </span>
     <span class='ocr_line' id='line_1_16' title="bbox 324 3671 2075 3754; baseline -0.001 -16"><span class='ocrx_word' id='word_1_204' title='bbox 324 3674 423 3738; x_wconf 87' lang='lat' dir='ltr'><strong>divina</strong></span> <span class='ocrx_word' id='word_1_205' title='bbox 447 3673 591 3736; x_wconf 86' lang='lat' dir='ltr'><strong>delibatos</strong></span> <span class='ocrx_word' id='word_1_206' title='bbox 619 3672 651 3734; x_wconf 92' lang='lat' dir='ltr'><strong>in</strong></span> <span class='ocrx_word' id='word_1_207' title='bbox 672 3673 727 3736; x_wconf 87' lang='lat' dir='ltr'><strong>hec</strong></span> <span class='ocrx_word' id='word_1_208' title='bbox 749 3673 809 3736; x_wconf 88' lang='lat' dir='ltr'><strong>vite</strong></span> <span class='ocrx_word' id='word_1_209' title='bbox 832 3675 959 3738; x_wconf 87' lang='lat' dir='ltr'><strong>humana</strong></span> <span class='ocrx_word' id='word_1_210' title='bbox 981 3672 1143 3754; x_wconf 86' lang='lat' dir='ltr'><strong>sapientiae</strong></span> <span class='ocrx_word' id='word_1_211' title='bbox 1170 3691 1204 3738; x_wconf 89' lang='lat' dir='ltr'><strong>ac</strong></span> <span class='ocrx_word' id='word_1_212' title='bbox 1225 3674 1346 3738; x_wconf 85' lang='lat' dir='ltr'><strong>virtutis</strong></span> <span class='ocrx_word' id='word_1_213' title='bbox 1374 3675 1474 3738; x_wconf 89' lang='lat' dir='ltr'><strong>studio</strong></span> <span class='ocrx_word' id='word_1_214' title='bbox 1495 3675 1534 3739; x_wconf 94' lang='lat' dir='ltr'><strong>ad</strong></span> <span class='ocrx_word' id='word_1_215' title='bbox 1563 3675 1613 3740; x_wconf 84' lang='lat' dir='ltr'><strong>dci</strong></span> <span class='ocrx_word' id='word_1_216' title='bbox 1635 3673 1857 3741; x_wconf 90' lang='lat' dir='ltr'><strong>similitudinem</strong></span> <span class='ocrx_word' id='word_1_217' title='bbox 1887 3691 1956 3736; x_wconf 89' lang='lat' dir='ltr'><strong>esse</strong></span> <span class='ocrx_word' id='word_1_218' title='bbox 1979 3671 2075 3754; x_wconf 85' lang='lat' dir='ltr'><strong>perb-</strong></span> 
     </span>
     <span class='ocr_line' id='line_1_17' title="bbox 325 3783 2075 3870; baseline -0.001 -22"><span class='ocrx_word' id='word_1_219' title='bbox 325 3786 448 3850; x_wconf 90' lang='lat' dir='ltr'><strong>ciendos</strong></span> <span class='ocrx_word' id='word_1_220' title='bbox 459 3783 501 3861; x_wconf 67' lang='lat' dir='ltr'><strong>l).</strong></span> <span class='ocrx_word' id='word_1_221' title='bbox 544 3784 592 3846; x_wconf 80' lang='lat' dir='ltr'><strong>Ac</strong></span> <span class='ocrx_word' id='word_1_222' title='bbox 614 3783 794 3868; x_wconf 77' lang='lat' dir='ltr'><strong>Pythagorei</strong></span> <span class='ocrx_word' id='word_1_223' title='bbox 818 3785 904 3864; x_wconf 85' lang='lat' dir='ltr'><strong>primi</strong></span> <span class='ocrx_word' id='word_1_224' title='bbox 927 3785 987 3848; x_wconf 87' lang='lat' dir='ltr'><strong>vim</strong></span> <span class='ocrx_word' id='word_1_225' title='bbox 1016 3785 1124 3850; x_wconf 89' lang='lat' dir='ltr'><strong>mentis</strong></span> <span class='ocrx_word' id='word_1_226' title='bbox 1145 3786 1172 3849; x_wconf 90' lang='lat' dir='ltr'><strong>si</strong></span> <span class='ocrx_word' id='word_1_227' title='bbox 1193 3803 1252 3856; x_wconf 90' lang='lat' dir='ltr'><strong>non</strong></span> <span class='ocrx_word' id='word_1_228' title='bbox 1274 3785 1363 3867; x_wconf 88' lang='lat' dir='ltr'><strong>plano</strong></span> <span class='ocrx_word' id='word_1_229' title='bbox 1381 3785 1547 3870; x_wconf 73' lang='lat' dir='ltr'><strong>seiungere</strong></span> <span class='ocrx_word' id='word_1_230' title='bbox 1568 3805 1587 3850; x_wconf 89' lang='lat' dir='ltr'><strong>a</strong></span> <span class='ocrx_word' id='word_1_231' title='bbox 1607 3788 1740 3862; x_wconf 85' lang='lat' dir='ltr'><strong>materia,</strong></span> <span class='ocrx_word' id='word_1_232' title='bbox 1763 3794 1791 3848; x_wconf 91' lang='lat' dir='ltr'><strong>at</strong></span> <span class='ocrx_word' id='word_1_233' title='bbox 1814 3783 1939 3846; x_wconf 87' lang='lat' dir='ltr'><strong>delinire</strong></span> <span class='ocrx_word' id='word_1_234' title='bbox 1961 3783 2075 3848; x_wconf 87' lang='lat' dir='ltr'><strong>certius</strong></span> 
     </span>
     <span class='ocr_line' id='line_1_18' title="bbox 324 3893 2075 3978; baseline -0.002 -18"><span class='ocrx_word' id='word_1_235' title='bbox 324 3897 536 3975; x_wconf 88' lang='lat' dir='ltr'><strong>notionemque</strong></span> <span class='ocrx_word' id='word_1_236' title='bbox 558 3895 623 3958; x_wconf 86' lang='lat' dir='ltr'><strong>eius</strong></span> <span class='ocrx_word' id='word_1_237' title='bbox 645 3895 742 3958; x_wconf 90' lang='lat' dir='ltr'><strong>animo</strong></span> <span class='ocrx_word' id='word_1_238' title='bbox 766 3893 912 3978; x_wconf 78' lang='lat' dir='ltr'><strong>elingere</strong></span> <span class='ocrx_word' id='word_1_239' title='bbox 934 3903 1126 3976; x_wconf 84' lang='lat' dir='ltr'><strong>coeperunt..</strong></span> <span class='ocrx_word' id='word_1_240' title='bbox 1148 3895 1186 3959; x_wconf 88' lang='lat' dir='ltr'><strong>Ut</strong></span> <span class='ocrx_word' id='word_1_241' title='bbox 1206 3897 1285 3962; x_wconf 87' lang='lat' dir='ltr'><strong>enim</strong></span> <span class='ocrx_word' id='word_1_242' title='bbox 1308 3899 1465 3963; x_wconf 82' lang='lat' dir='ltr'><strong>universas</strong></span> <span class='ocrx_word' id='word_1_243' title='bbox 1487 3915 1539 3962; x_wconf 88' lang='lat' dir='ltr'><strong>res</strong></span> <span class='ocrx_word' id='word_1_244' title='bbox 1561 3899 1597 3964; x_wconf 90' lang='lat' dir='ltr'><strong>ad</strong></span> <span class='ocrx_word' id='word_1_245' title='bbox 1621 3915 1762 3962; x_wconf 85' lang='lat' dir='ltr'><strong>numeros</strong></span> <span class='ocrx_word' id='word_1_246' title='bbox 1783 3905 1965 3958; x_wconf 82' lang='lat' dir='ltr'><strong>revocarem</strong></span> <span class='ocrx_word' id='word_1_247' title='bbox 1988 3911 2075 3959; x_wconf 88' lang='lat' dir='ltr'><strong>com-</strong></span> 
     </span>
     <span class='ocr_line' id='line_1_19' title="bbox 324 3995 2075 4091; baseline 0 -21"><span class='ocrx_word' id='word_1_248' title='bbox 324 4008 455 4088; x_wconf 89' lang='lat' dir='ltr'><strong>ponique</strong></span> <span class='ocrx_word' id='word_1_249' title='bbox 478 3995 661 4069; x_wconf 88' lang='lat' dir='ltr'><strong>censuerunt</strong></span> <span class='ocrx_word' id='word_1_250' title='bbox 682 4007 806 4088; x_wconf 91' lang='lat' dir='ltr'><strong>quadam</strong></span> <span class='ocrx_word' id='word_1_251' title='bbox 829 4007 998 4086; x_wconf 86' lang='lat' dir='ltr'><strong>harmonia,</strong></span> <span class='ocrx_word' id='word_1_252' title='bbox 1027 4009 1066 4070; x_wconf 91' lang='lat' dir='ltr'><strong>ita</strong></span> <span class='ocrx_word' id='word_1_253' title='bbox 1088 4007 1215 4071; x_wconf 91' lang='lat' dir='ltr'><strong>animum</strong></span> <span class='ocrx_word' id='word_1_254' title='bbox 1238 4009 1420 4072; x_wconf 89' lang='lat' dir='ltr'><strong>harmoniam</strong></span> <span class='ocrx_word' id='word_1_255' title='bbox 1445 4010 1584 4091; x_wconf 85' lang='lat' dir='ltr'><strong>corporis</strong></span> <span class='ocrx_word' id='word_1_256' title='bbox 1606 4008 1791 4091; x_wconf 86' lang='lat' dir='ltr'><strong>appellarunt</strong></span> <span class='ocrx_word' id='word_1_257' title='bbox 1810 4004 1852 4088; x_wconf 82' lang='lat'><strong>⁵).</strong></span> <span class='ocrx_word' id='word_1_258' title='bbox 1890 4007 2075 4088; x_wconf 84' lang='lat' dir='ltr'><strong>Quamquam</strong></span> 
     </span>
    </p>
   </div>
   <div class='ocr_carea' id='block_1_3' title="bbox 327 4137 575 4154">
    <p class='ocr_par' dir='ltr' id='par_1_3' title="bbox 327 4137 575 4154">
     <span class='ocr_line' id='line_1_20' title="bbox 327 4137 575 4154; baseline -0.004 -9"><span class='ocrx_word' id='word_1_259' title='bbox 327 4137 575 4154; x_wconf 82' lang='lat'><strong>—....-.-—--·-</strong></span> 
     </span>
    </p>
   </div>
   <div class='ocr_carea' id='block_1_4' title="bbox 407 4203 2074 4914">
    <p class='ocr_par' dir='ltr' id='par_1_4' title="bbox 407 4203 2074 4914">
     <span class='ocr_line' id='line_1_21' title="bbox 443 4203 2073 4288; baseline 0.003 -18"><span class='ocrx_word' id='word_1_260' title='bbox 443 4218 464 4282; x_wconf 85' lang='lat'><strong>¹)</strong></span> <span class='ocrx_word' id='word_1_261' title='bbox 496 4217 538 4270; x_wconf 82' lang='lat' dir='ltr'><strong>ct.</strong></span> <span class='ocrx_word' id='word_1_262' title='bbox 560 4217 729 4270; x_wconf 83' lang='lat' dir='ltr'><strong>Saeinhartius</strong></span> <span class='ocrx_word' id='word_1_263' title='bbox 753 4221 779 4268; x_wconf 88' lang='lat' dir='ltr'><strong>in</strong></span> <span class='ocrx_word' id='word_1_264' title='bbox 806 4223 909 4286; x_wconf 79' lang='lat' dir='ltr'><strong>egregio</strong></span> <span class='ocrx_word' id='word_1_265' title='bbox 934 4225 1159 4287; x_wconf 80' lang='lat' dir='ltr'><strong>commentatione,</strong></span> <span class='ocrx_word' id='word_1_266' title='bbox 1188 4225 1405 4288; x_wconf 84' lang='lat' dir='ltr'><strong>qnam·proefixit</strong></span> <span class='ocrx_word' id='word_1_267' title='bbox 1430 4203 1548 4275; x_wconf 74' lang='lat' dir='ltr'><strong>Platonis</strong></span> <span class='ocrx_word' id='word_1_268' title='bbox 1574 4224 1707 4274; x_wconf 85' lang='lat' dir='ltr'><strong>Phaedoni</strong></span> <span class='ocrx_word' id='word_1_269' title='bbox 1732 4223 1758 4270; x_wconf 90' lang='lat' dir='ltr'><strong>in</strong></span> <span class='ocrx_word' id='word_1_270' title='bbox 1778 4221 1847 4269; x_wconf 83' lang='lat' dir='ltr'><strong>Plat.</strong></span> <span class='ocrx_word' id='word_1_271' title='bbox 1867 4217 1937 4286; x_wconf 89' lang='lat' dir='ltr'><strong>Opp.</strong></span> <span class='ocrx_word' id='word_1_272' title='bbox 1958 4237 2073 4275; x_wconf 82' lang='lat' dir='ltr'><strong>convers.</strong></span> 
     </span>
     <span class='ocr_line' id='line_1_22' title="bbox 407 4307 2074 4378; baseline 0.002 -23"><span class='ocrx_word' id='word_1_273' title='bbox 407 4347 410 4355; x_wconf 93' lang='lat'><strong>.</strong></span> <span class='ocrx_word' id='word_1_274' title='bbox 442 4309 474 4356; x_wconf 84' lang='lat' dir='ltr'><strong>ab</strong></span> <span class='ocrx_word' id='word_1_275' title='bbox 494 4307 599 4360; x_wconf 81' lang='lat' dir='ltr'><strong>Hieron.</strong></span> <span class='ocrx_word' id='word_1_276' title='bbox 619 4309 747 4359; x_wconf 83' lang='lat' dir='ltr'><strong>Muellero</strong></span> <span class='ocrx_word' id='word_1_277' title='bbox 766 4309 816 4360; x_wconf 86' lang='lat' dir='ltr'><strong>voi.</strong></span> <span class='ocrx_word' id='word_1_278' title='bbox 837 4309 877 4360; x_wconf 91' lang='lat' dir='ltr'><strong>IV</strong></span> <span class='ocrx_word' id='word_1_279' title='bbox 897 4327 923 4376; x_wconf 90' lang='lat' dir='ltr'><strong>p.</strong></span> <span class='ocrx_word' id='word_1_280' title='bbox 945 4312 1011 4365; x_wconf 80' lang='lat'><strong>375.</strong></span> <span class='ocrx_word' id='word_1_281' title='bbox 1024 4311 1098 4376; x_wconf 49' lang='grc' dir='ltr'><strong>Α)</strong></span> <span class='ocrx_word' id='word_1_282' title='bbox 1118 4313 1258 4362; x_wconf 81' lang='lat' dir='ltr'><strong>Praeclara</strong></span> <span class='ocrx_word' id='word_1_283' title='bbox 1277 4314 1308 4362; x_wconf 92' lang='lat' dir='ltr'><strong>dc</strong></span> <span class='ocrx_word' id='word_1_284' title='bbox 1328 4314 1484 4378; x_wconf 81' lang='lat' dir='ltr'><strong>antiquitatis</strong></span> <span class='ocrx_word' id='word_1_285' title='bbox 1503 4313 1621 4378; x_wconf 88' lang='lat' dir='ltr'><strong>opinione</strong></span> <span class='ocrx_word' id='word_1_286' title='bbox 1639 4309 1718 4360; x_wconf 76' lang='lat' dir='ltr'><strong>rerba</strong></span> <span class='ocrx_word' id='word_1_287' title='bbox 1738 4317 1795 4358; x_wconf 82' lang='lat' dir='ltr'><strong>sant</strong></span> <span class='ocrx_word' id='word_1_288' title='bbox 1816 4307 1947 4358; x_wconf 81' lang='lat' dir='ltr'><strong>Ciceronis</strong></span> <span class='ocrx_word' id='word_1_289' title='bbox 1967 4311 2074 4360; x_wconf 76' lang='lat' dir='ltr'><strong>dicemm</strong></span> 
     </span>
     <span class='ocr_line' id='line_1_23' title="bbox 442 4397 2073 4470; baseline 0.001 -24"><span class='ocrx_word' id='word_1_290' title='bbox 442 4397 573 4460; x_wconf 86' lang='lat' dir='ltr'><strong>homiues,</strong></span> <span class='ocrx_word' id='word_1_291' title='bbox 599 4413 648 4462; x_wconf 88' lang='lat' dir='ltr'><strong>quo</strong></span> <span class='ocrx_word' id='word_1_292' title='bbox 668 4399 773 4464; x_wconf 84' lang='lat' dir='ltr'><strong>propias</strong></span> <span class='ocrx_word' id='word_1_293' title='bbox 794 4401 827 4450; x_wconf 85' lang='lat' dir='ltr'><strong>ah</strong></span> <span class='ocrx_word' id='word_1_294' title='bbox 847 4411 904 4452; x_wconf 83' lang='lat' dir='ltr'><strong>ona</strong></span> <span class='ocrx_word' id='word_1_295' title='bbox 927 4411 952 4453; x_wconf 87' lang='lat' dir='ltr'><strong>et</strong></span> <span class='ocrx_word' id='word_1_296' title='bbox 971 4403 1054 4454; x_wconf 75' lang='lat' dir='ltr'><strong>divim</strong></span> <span class='ocrx_word' id='word_1_297' title='bbox 1074 4404 1194 4470; x_wconf 82' lang='lat' dir='ltr'><strong>progenie</strong></span> <span class='ocrx_word' id='word_1_298' title='bbox 1213 4401 1350 4466; x_wconf 85' lang='lat' dir='ltr'><strong>aluissent,</strong></span> <span class='ocrx_word' id='word_1_299' title='bbox 1375 4419 1405 4454; x_wconf 85' lang='lat' dir='ltr'><strong>eo</strong></span> <span class='ocrx_word' id='word_1_300' title='bbox 1425 4405 1536 4470; x_wconf 83' lang='lat' dir='ltr'><strong>aptiores</strong></span> <span class='ocrx_word' id='word_1_301' title='bbox 1555 4401 1634 4452; x_wconf 83' lang='lat' dir='ltr'><strong>luisse</strong></span> <span class='ocrx_word' id='word_1_302' title='bbox 1653 4401 1687 4450; x_wconf 84' lang='lat' dir='ltr'><strong>ad</strong></span> <span class='ocrx_word' id='word_1_303' title='bbox 1705 4413 1765 4448; x_wconf 84' lang='lat' dir='ltr'><strong>uera</strong></span> <span class='ocrx_word' id='word_1_304' title='bbox 1784 4399 1920 4447; x_wconf 83' lang='lat' dir='ltr'><strong>cernenda.</strong></span> <span class='ocrx_word' id='word_1_305' title='bbox 1959 4397 2037 4450; x_wconf 85' lang='lat' dir='ltr'><strong>Tusc.</strong></span> <span class='ocrx_word' id='word_1_306' title='bbox 2059 4399 2073 4448; x_wconf 93' lang='lat'>1</span> 
     </span>
     <span class='ocr_line' id='line_1_24' title="bbox 443 4483 2073 4558; baseline 0.001 -21"><span class='ocrx_word' id='word_1_307' title='bbox 443 4487 486 4550; x_wconf 81' lang='grc'><strong>12,</strong></span> <span class='ocrx_word' id='word_1_308' title='bbox 507 4483 552 4538; x_wconf 81' lang='lat'><strong>26.</strong></span> <span class='ocrx_word' id='word_1_309' title='bbox 592 4487 672 4552; x_wconf 79' lang='lat' dir='ltr'><strong>Legg.</strong></span> <span class='ocrx_word' id='word_1_310' title='bbox 693 4490 722 4540; x_wconf 91' lang='lat'><strong>11</strong></span> <span class='ocrx_word' id='word_1_311' title='bbox 746 4493 787 4552; x_wconf 89' lang='lat' dir='ltr'><strong>ll,</strong></span> <span class='ocrx_word' id='word_1_312' title='bbox 808 4491 853 4542; x_wconf 77' lang='lat'><strong>27.</strong></span> <span class='ocrx_word' id='word_1_313' title='bbox 892 4493 933 4542; x_wconf 87' lang='lat' dir='ltr'><strong>De</strong></span> <span class='ocrx_word' id='word_1_314' title='bbox 952 4495 1127 4544; x_wconf 76' lang='lat' dir='ltr'><strong>remotissimis</strong></span> <span class='ocrx_word' id='word_1_315' title='bbox 1148 4491 1316 4558; x_wconf 86' lang='lat' dir='ltr'><strong>Orphleoram</strong></span> <span class='ocrx_word' id='word_1_316' title='bbox 1342 4501 1367 4543; x_wconf 86' lang='lat' dir='ltr'><strong>et</strong></span> <span class='ocrx_word' id='word_1_317' title='bbox 1386 4503 1517 4558; x_wconf 79' lang='lat' dir='ltr'><strong>poetarum</strong></span> <span class='ocrx_word' id='word_1_318' title='bbox 1538 4491 1695 4544; x_wconf 82' lang='lat' dir='ltr'><strong>Graecorum</strong></span> <span class='ocrx_word' id='word_1_319' title='bbox 1722 4487 1852 4538; x_wconf 70' lang='lat' dir='ltr'><strong>sedendis</strong></span> <span class='ocrx_word' id='word_1_320' title='bbox 1876 4487 1934 4538; x_wconf 81' lang='lat' dir='ltr'><strong>vido</strong></span> <span class='ocrx_word' id='word_1_321' title='bbox 1953 4489 2073 4539; x_wconf 80' lang='lat' dir='ltr'><strong>Brendis.</strong></span> 
     </span>
     <span class='ocr_line' id='line_1_25' title="bbox 441 4576 2074 4648; baseline -0.001 -20"><span class='ocrx_word' id='word_1_322' title='bbox 441 4577 501 4629; x_wconf 84' lang='lat' dir='ltr'><strong>hist.</strong></span> <span class='ocrx_word' id='word_1_323' title='bbox 521 4577 613 4644; x_wconf 80' lang='lat' dir='ltr'><strong>philos.</strong></span> <span class='ocrx_word' id='word_1_324' title='bbox 634 4591 718 4641; x_wconf 83' lang='lat' dir='ltr'><strong>graec.</strong></span> <span class='ocrx_word' id='word_1_325' title='bbox 739 4579 755 4628; x_wconf 93' lang='lat'>1</span> <span class='ocrx_word' id='word_1_326' title='bbox 773 4591 799 4644; x_wconf 85' lang='lat' dir='ltr'><strong>p.</strong></span> <span class='ocrx_word' id='word_1_327' title='bbox 823 4579 868 4632; x_wconf 82' lang='lat'><strong>86.</strong></span> <span class='ocrx_word' id='word_1_328' title='bbox 899 4581 1038 4634; x_wconf 73' lang='lat' dir='ltr'><strong>sorahan.</strong></span> <span class='ocrx_word' id='word_1_329' title='bbox 1058 4584 1078 4633; x_wconf 94' lang='lat' dir='ltr'><strong>l.</strong></span> <span class='ocrx_word' id='word_1_330' title='bbox 1097 4585 1115 4633; x_wconf 93' lang='lat' dir='ltr'><strong>l.</strong></span> <span class='ocrx_word' id='word_1_331' title='bbox 1135 4599 1161 4648; x_wconf 86' lang='lat' dir='ltr'><strong>p.</strong></span> <span class='ocrx_word' id='word_1_332' title='bbox 1182 4576 1247 4634; x_wconf 78' lang='grc'>373.</span> <span class='ocrx_word' id='word_1_333' title='bbox 1269 4605 1306 4617; x_wconf 91' lang='lat'>-</span> <span class='ocrx_word' id='word_1_334' title='bbox 1327 4581 1351 4646; x_wconf 71' lang='lat'><strong>³&gt;</strong></span> <span class='ocrx_word' id='word_1_335' title='bbox 1372 4581 1414 4635; x_wconf 80' lang='lat' dir='ltr'><strong>cf.</strong></span> <span class='ocrx_word' id='word_1_336' title='bbox 1434 4581 1592 4634; x_wconf 83' lang='lat' dir='ltr'><strong>Mullachius</strong></span> <span class='ocrx_word' id='word_1_337' title='bbox 1611 4580 1751 4632; x_wconf 87' lang='lat' dir='ltr'><strong>Democriti</strong></span> <span class='ocrx_word' id='word_1_338' title='bbox 1770 4578 1911 4629; x_wconf 76' lang='lat' dir='ltr'><strong>Ahtleritue</strong></span> <span class='ocrx_word' id='word_1_339' title='bbox 1930 4576 2074 4642; x_wconf 81' lang='lat' dir='ltr'><strong>fragmenta</strong></span> 
     </span>
     <span class='ocr_line' id='line_1_26' title="bbox 442 4661 2073 4738; baseline -0.001 -20"><span class='ocrx_word' id='word_1_340' title='bbox 442 4680 467 4730; x_wconf 90' lang='lat' dir='ltr'><strong>p.</strong></span> <span class='ocrx_word' id='word_1_341' title='bbox 490 4666 552 4718; x_wconf 86' lang='lat'><strong>161.</strong></span> <span class='ocrx_word' id='word_1_342' title='bbox 573 4661 637 4717; x_wconf 78' lang='grc'>412.</span> <span class='ocrx_word' id='word_1_343' title='bbox 658 4666 777 4718; x_wconf 81' lang='lat' dir='ltr'><strong>Brandls.</strong></span> <span class='ocrx_word' id='word_1_344' title='bbox 797 4669 815 4718; x_wconf 93' lang='lat' dir='ltr'><strong>l.</strong></span> <span class='ocrx_word' id='word_1_345' title='bbox 836 4671 855 4720; x_wconf 90' lang='lat' dir='ltr'><strong>l.</strong></span> <span class='ocrx_word' id='word_1_346' title='bbox 877 4671 890 4720; x_wconf 92' lang='lat' dir='ltr'><strong>t</strong></span> <span class='ocrx_word' id='word_1_347' title='bbox 909 4686 936 4735; x_wconf 87' lang='lat' dir='ltr'><strong>p.</strong></span> <span class='ocrx_word' id='word_1_348' title='bbox 957 4671 1022 4724; x_wconf 79' lang='lat'><strong>338.</strong></span> <span class='ocrx_word' id='word_1_349' title='bbox 1042 4695 1077 4720; x_wconf 91' lang='grc'>.-</span> <span class='ocrx_word' id='word_1_350' title='bbox 1093 4665 1118 4738; x_wconf 61' lang='lat' dir='ltr'><strong>l)</strong></span> <span class='ocrx_word' id='word_1_351' title='bbox 1140 4673 1195 4724; x_wconf 85' lang='lat' dir='ltr'><strong>Cic.</strong></span> <span class='ocrx_word' id='word_1_352' title='bbox 1215 4675 1247 4723; x_wconf 89' lang='lat' dir='ltr'><strong>de</strong></span> <span class='ocrx_word' id='word_1_353' title='bbox 1267 4681 1361 4723; x_wconf 80' lang='lat' dir='ltr'><strong>eeuccn</strong></span> <span class='ocrx_word' id='word_1_354' title='bbox 1381 4688 1404 4724; x_wconf 85' lang='lat' dir='ltr'><strong>a.</strong></span> <span class='ocrx_word' id='word_1_355' title='bbox 1427 4674 1471 4726; x_wconf 86' lang='lat'><strong>21.</strong></span> <span class='ocrx_word' id='word_1_356' title='bbox 1498 4669 1624 4724; x_wconf 81' lang='lat' dir='ltr'><strong>Sbcbaeus</strong></span> <span class='ocrx_word' id='word_1_357' title='bbox 1643 4671 1734 4734; x_wconf 80' lang='lat' dir='ltr'><strong>Eelcg.</strong></span> <span class='ocrx_word' id='word_1_358' title='bbox 1755 4667 1807 4720; x_wconf 82' lang='lat' dir='ltr'><strong>eth.</strong></span> <span class='ocrx_word' id='word_1_359' title='bbox 1828 4683 1855 4734; x_wconf 91' lang='lat' dir='ltr'><strong>p.</strong></span> <span class='ocrx_word' id='word_1_360' title='bbox 1876 4663 1915 4718; x_wconf 83' lang='grc'><strong>64</strong></span> <span class='ocrx_word' id='word_1_361' title='bbox 1934 4683 1988 4734; x_wconf 86' lang='lat' dir='ltr'><strong>sqq.</strong></span> <span class='ocrx_word' id='word_1_362' title='bbox 2009 4667 2073 4718; x_wconf 86' lang='grc' dir='ltr'><strong>Σω-</strong></span> 
     </span>
     <span class='ocr_line' id='line_1_27' title="bbox 443 4753 2073 4830; baseline 0.004 -28"><span class='ocrx_word' id='word_1_363' title='bbox 443 4753 550 4820; x_wconf 73' lang='lat' dir='ltr'><strong>aprirqc,</strong></span> <span class='ocrx_word' id='word_1_364' title='bbox 576 4754 711 4816; x_wconf 72' lang='lat' dir='ltr'><strong>litabatur,</strong></span> <span class='ocrx_word' id='word_1_365' title='bbox 737 4755 817 4808; x_wconf 78' lang='lat' dir='ltr'><strong>nadad</strong></span> <span class='ocrx_word' id='word_1_366' title='bbox 837 4765 871 4827; x_wconf 79' lang='lat' dir='ltr'><strong>aqi</strong></span> <span class='ocrx_word' id='word_1_367' title='bbox 891 4759 1059 4830; x_wconf 68' lang='grc' dir='ltr'><strong><em>Πυθαγόρᾳ,</em></strong></span> <span class='ocrx_word' id='word_1_368' title='bbox 1085 4764 1156 4818; x_wconf 76' lang='lat' dir='ltr'><strong>adice</strong></span> <span class='ocrx_word' id='word_1_369' title='bbox 1177 4759 1309 4830; x_wconf 74' lang='grc' dir='ltr'><strong>ὁμοίωσιν</strong></span> <span class='ocrx_word' id='word_1_370' title='bbox 1328 4765 1438 4813; x_wconf 75' lang='lat' dir='ltr'><strong>deod...</strong></span> <span class='ocrx_word' id='word_1_371' title='bbox 1477 4761 1597 4814; x_wconf 81' lang='lat' dir='ltr'><strong>Brendis.</strong></span> <span class='ocrx_word' id='word_1_372' title='bbox 1617 4763 1677 4812; x_wconf 89' lang='lat' dir='ltr'><strong>hist.</strong></span> <span class='ocrx_word' id='word_1_373' title='bbox 1697 4761 1761 4827; x_wconf 91' lang='lat' dir='ltr'><strong>phil.</strong></span> <span class='ocrx_word' id='word_1_374' title='bbox 1782 4759 1796 4809; x_wconf 95' lang='lat'>1</span> <span class='ocrx_word' id='word_1_375' title='bbox 1816 4773 1841 4824; x_wconf 93' lang='lat' dir='ltr'><strong>p.</strong></span> <span class='ocrx_word' id='word_1_376' title='bbox 1863 4753 1928 4810; x_wconf 86' lang='grc'>488.</span> <span class='ocrx_word' id='word_1_377' title='bbox 1949 4753 2014 4808; x_wconf 81' lang='grc'>494.</span> <span class='ocrx_word' id='word_1_378' title='bbox 2036 4781 2073 4792; x_wconf 88' lang='grc'>-</span> 
     </span>
     <span class='ocr_line' id='line_1_28' title="bbox 443 4841 2073 4914; baseline 0.002 -22"><span class='ocrx_word' id='word_1_379' title='bbox 443 4841 467 4904; x_wconf 69' lang='lat'><strong>³)</strong></span> <span class='ocrx_word' id='word_1_380' title='bbox 493 4843 606 4895; x_wconf 78' lang='lat' dir='ltr'><strong>Macreb.</strong></span> <span class='ocrx_word' id='word_1_381' title='bbox 631 4847 658 4897; x_wconf 88' lang='lat' dir='ltr'><strong>in</strong></span> <span class='ocrx_word' id='word_1_382' title='bbox 679 4846 765 4898; x_wconf 83' lang='lat' dir='ltr'><strong>Somn.</strong></span> <span class='ocrx_word' id='word_1_383' title='bbox 787 4845 856 4913; x_wconf 86' lang='lat' dir='ltr'><strong>Scip.</strong></span> <span class='ocrx_word' id='word_1_384' title='bbox 876 4849 891 4899; x_wconf 89' lang='grc' dir='ltr'>Ι</span> <span class='ocrx_word' id='word_1_385' title='bbox 915 4845 957 4900; x_wconf 83' lang='grc'>14.</span> <span class='ocrx_word' id='word_1_386' title='bbox 998 4851 1075 4901; x_wconf 87' lang='lat' dir='ltr'><strong>Plato</strong></span> <span class='ocrx_word' id='word_1_387' title='bbox 1100 4851 1163 4899; x_wconf 84' lang='lat' dir='ltr'><strong>dixit</strong></span> <span class='ocrx_word' id='word_1_388' title='bbox 1187 4851 1296 4901; x_wconf 85' lang='lat' dir='ltr'><strong>animam</strong></span> <span class='ocrx_word' id='word_1_389' title='bbox 1317 4854 1453 4903; x_wconf 86' lang='lat' dir='ltr'><strong>essentiam</strong></span> <span class='ocrx_word' id='word_1_390' title='bbox 1480 4867 1508 4902; x_wconf 85' lang='lat' dir='ltr'><strong>se</strong></span> <span class='ocrx_word' id='word_1_391' title='bbox 1527 4859 1681 4914; x_wconf 84' lang='lat' dir='ltr'><strong>morantem,</strong></span> <span class='ocrx_word' id='word_1_392' title='bbox 1707 4851 1864 4902; x_wconf 81' lang='lat' dir='ltr'><strong>Xenocrates</strong></span> <span class='ocrx_word' id='word_1_393' title='bbox 1890 4861 2024 4898; x_wconf 85' lang='lat' dir='ltr'><strong>nnmerum</strong></span> <span class='ocrx_word' id='word_1_394' title='bbox 2045 4862 2073 4896; x_wconf 88' lang='lat' dir='ltr'><strong>se</strong></span> 
     </span>
    </p>
   </div>
   <div class='ocr_carea' id='block_1_5' title="bbox 440 4935 2075 5088">
    <p class='ocr_par' dir='ltr' id='par_1_5' title="bbox 440 4935 2075 5088">
     <span class='ocr_line' id='line_1_29' title="bbox 441 4935 2075 5006; baseline 0.003 -24"><span class='ocrx_word' id='word_1_395' title='bbox 441 4943 594 4997; x_wconf 81' lang='lat' dir='ltr'><strong>moventem,</strong></span> <span class='ocrx_word' id='word_1_396' title='bbox 617 4935 770 4988; x_wconf 79' lang='lat' dir='ltr'><strong>Aristotcles</strong></span> <span class='ocrx_word' id='word_1_397' title='bbox 795 4937 969 5006; x_wconf 70' lang='grc' dir='ltr'><strong>ἐντελέχειαν,</strong></span> <span class='ocrx_word' id='word_1_398' title='bbox 989 4941 1151 5004; x_wconf 71' lang='lat' dir='ltr'><strong>Pynhsgorss</strong></span> <span class='ocrx_word' id='word_1_399' title='bbox 1172 4947 1196 4989; x_wconf 84' lang='lat' dir='ltr'><strong>ot</strong></span> <span class='ocrx_word' id='word_1_400' title='bbox 1215 4941 1350 4991; x_wconf 81' lang='lat' dir='ltr'><strong>Philolaus</strong></span> <span class='ocrx_word' id='word_1_401' title='bbox 1376 4941 1544 4994; x_wconf 83' lang='lat' dir='ltr'><strong>harmoniam.</strong></span> <span class='ocrx_word' id='word_1_402' title='bbox 1584 4943 1702 4993; x_wconf 84' lang='lat' dir='ltr'><strong>Brendis.</strong></span> <span class='ocrx_word' id='word_1_403' title='bbox 1724 4935 1903 4992; x_wconf 75' lang='grc'>111488.</span> <span class='ocrx_word' id='word_1_404' title='bbox 1943 4935 2075 4987; x_wconf 84' lang='lat' dir='ltr'><strong>Stoinhart</strong></span> 
     </span>
     <span class='ocr_line' id='line_1_30' title="bbox 440 5021 627 5088; baseline 0.011 -16"><span class='ocrx_word' id='word_1_405' title='bbox 440 5021 460 5072; x_wconf 93' lang='lat' dir='ltr'><strong>l.</strong></span> <span class='ocrx_word' id='word_1_406' title='bbox 481 5022 500 5072; x_wconf 93' lang='lat' dir='ltr'><strong>l.</strong></span> <span class='ocrx_word' id='word_1_407' title='bbox 519 5037 544 5088; x_wconf 93' lang='lat' dir='ltr'><strong>p.</strong></span> <span class='ocrx_word' id='word_1_408' title='bbox 564 5021 627 5075; x_wconf 81' lang='lat' dir='ltr'><strong>att.</strong></span> 
     </span>
    </p>
   </div>
   <div class='ocr_carea' id='block_1_6' title="bbox 1823 5129 1840 5180">
    <p class='ocr_par' dir='ltr' id='par_1_6' title="bbox 1823 5129 1840 5180">
     <span class='ocr_line' id='line_1_31' title="bbox 1823 5129 1840 5180; baseline 0 0"><span class='ocrx_word' id='word_1_409' title='bbox 1823 5129 1840 5180; x_wconf 84' lang='lat'>2</span> 
     </span>
    </p>
   </div>
   <div class='ocr_carea' id='block_1_7' title="bbox 0 0 2394 5634">
    <p class='ocr_par' dir='ltr' id='par_1_7' title="bbox 0 0 2394 5634">
     <span class='ocr_line' id='line_1_32' title="bbox 0 0 2394 5634; baseline 0 0"><span class='ocrx_word' id='word_1_410' title='bbox 0 0 2394 5634; x_wconf 95' lang='lat' dir='ltr'><strong> </strong></span> 
     </span>
    </p>
   </div>
  </div>
 </body>
</html>
